timestamp,mid_price,return,bid_price_1,bid_vol_1,bid_price_2,bid_vol_2,bid_price_3,bid_vol_3,bid_price_4,bid_vol_4,bid_price_5,bid_vol_5,bid_price_6,bid_vol_6,bid_price_7,bid_vol_7,bid_price_8,bid_vol_8,bid_price_9,bid_vol_9,bid_price_10,bid_vol_10,bid_price_11,bid_vol_11,bid_price_12,bid_vol_12,bid_price_13,bid_vol_13,bid_price_14,bid_vol_14,bid_price_15,bid_vol_15,bid_price_16,bid_vol_16,bid_price_17,bid_vol_17,bid_price_18,bid_vol_18,bid_price_19,bid_vol_19,bid_price_20,bid_vol_20,ask_price_1,ask_vol_1,ask_price_2,ask_vol_2,ask_price_3,ask_vol_3,ask_price_4,ask_vol_4,ask_price_5,ask_vol_5,ask_price_6,ask_vol_6,ask_price_7,ask_vol_7,ask_price_8,ask_vol_8,ask_price_9,ask_vol_9,ask_price_10,ask_vol_10,ask_price_11,ask_vol_11,ask_price_12,ask_vol_12,ask_price_13,ask_vol_13,ask_price_14,ask_vol_14,ask_price_15,ask_vol_15,ask_price_16,ask_vol_16,ask_price_17,ask_vol_17,ask_price_18,ask_vol_18,ask_price_19,ask_vol_19,ask_price_20,ask_vol_20
2025-03-09 18:16:19.154051,82416.125,0.0,82416.12,0.00058,82416.11,0.01576,82416.08,0.00028,82416.06,0.00017,82416.01,0.00021,82416.0,0.00242,82415.97,0.00021,82415.96,0.00017,82415.45,0.00017,82415.44,0.00915,82414.62,8e-05,82414.32,0.003,82414.14,0.00011,82414.07,0.00013,82413.81,0.00022,82413.8,0.0003,82413.79,0.01412,82413.6,0.00033,82413.47,0.00149,82413.23,7e-05,82416.13,3.61372,82416.14,1.11553,82416.22,7e-05,82416.5,0.00014,82416.51,0.22466,82416.52,0.00496,82417.03,0.03252,82417.36,0.0244,82417.52,7e-05,82417.99,8e-05,82418.0,0.08387,82418.1,7e-05,82418.16,0.0122,82420.0,0.08387,82420.14,0.04015,82421.2,0.0868,82421.21,0.00355,82421.24,0.45007,82422.0,0.0838,82422.4,7e-05
2025-03-09 18:16:19.253221,82416.11499999999,-1.213354790620552e-05,82416.11,0.01211,82416.08,0.00028,82416.06,0.00017,82416.02,0.0003,82416.01,0.00028,82416.0,0.00242,82415.97,7e-05,82415.96,0.00017,82415.46,0.00011,82415.45,0.00017,82415.44,0.00915,82414.62,8e-05,82414.32,0.003,82414.14,0.00011,82414.07,0.00013,82413.81,0.00022,82413.8,0.0003,82413.79,0.01412,82413.6,0.00033,82413.47,0.00149,82416.12,4.40186,82416.13,1.84794,82416.14,0.28077,82416.22,7e-05,82416.5,0.00014,82416.51,0.00014,82416.52,0.00489,82417.03,0.03252,82417.36,0.02433,82417.52,7e-05,82417.99,8e-05,82418.0,0.08387,82418.1,7e-05,82418.16,0.0122,82420.0,0.08387,82420.14,0.04015,82421.2,0.19051,82421.21,0.00355,82421.24,0.45007,82422.0,0.0838
2025-03-09 18:16:19.353217,82414.13500000001,-0.002402442774670189,82414.13,0.00017,82414.08,7e-05,82414.07,0.00013,82414.02,0.00013,82413.82,0.0004,82413.81,0.00029,82413.8,0.0003,82413.79,0.01419,82413.6,0.00033,82413.47,0.00149,82413.23,7e-05,82413.14,7e-05,82413.13,0.00915,82413.01,0.00014,82413.0,0.02365,82412.93,0.00453,82412.92,0.01141,82412.58,0.00144,82412.06,7e-05,82412.01,0.001,82414.14,2.03129,82414.15,7e-05,82414.22,0.00141,82414.32,3.30995,82414.33,0.16365,82414.34,0.16365,82415.04,7e-05,82415.27,0.14007,82415.47,0.04022,82415.79,0.0122,82416.0,0.08387,82416.12,0.41983,82416.14,0.27662,82416.52,0.00474,82417.03,0.03245,82417.36,0.02433,82417.99,8e-05,82418.0,0.08387,82418.1,7e-05,82420.0,0.0838
2025-03-09 18:16:19.453866,82413.795,-0.00041255058978785546,82413.79,0.00536,82413.63,0.00013,82413.6,0.00033,82413.48,7e-05,82413.47,0.00149,82413.23,7e-05,82413.15,0.00025,82413.14,0.0002,82413.13,0.00915,82413.01,0.00015,82413.0,0.02365,82412.93,0.00453,82412.58,0.00144,82412.01,0.001,82412.0,0.00248,82411.76,0.00032,82411.64,7e-05,82411.63,7e-05,82410.92,7e-05,82410.32,0.00013,82413.8,4.52197,82413.87,0.00064,82413.99,0.00014,82414.0,0.08387,82414.08,7e-05,82414.09,0.45014,82414.13,1.90791,82414.14,1.02148,82414.33,0.16365,82414.34,0.16373,82415.04,7e-05,82415.47,0.04015,82415.79,0.0122,82416.0,0.08387,82416.11,0.00011,82416.12,0.0526,82416.14,0.27157,82416.52,0.00474,82417.03,0.03245,82417.36,0.02426
2025-03-09 18:16:19.553209,82411.765,-0.002463179859632524,82411.76,0.00038,82411.65,0.00031,82411.64,7e-05,82411.63,7e-05,82410.92,7e-05,82410.32,0.00013,82410.03,0.00037,82410.02,7e-05,82410.01,0.01398,82409.84,0.00013,82409.64,0.00016,82409.63,0.02343,82409.33,0.0002,82409.32,0.01367,82409.09,7e-05,82408.74,0.01141,82408.01,0.00025,82408.0,0.00235,82407.91,0.00915,82407.73,0.00013,82411.77,1.21849,82411.84,0.00057,82411.95,7e-05,82411.96,0.10007,82411.99,7e-05,82412.0,0.08394,82412.01,1.28609,82412.95,0.16365,82413.13,3.18728,82413.14,0.04015,82413.79,9e-05,82413.8,0.41608,82414.0,0.08387,82414.14,0.00507,82415.04,7e-05,82415.47,0.04015,82416.0,0.08387,82416.06,0.04739,82416.12,0.04015,82416.13,0.15205
2025-03-09 18:16:19.653909,82404.815,-0.00843326192564507,82404.81,0.5096,82404.8,0.00043,82404.73,0.00043,82404.72,0.00013,82404.69,0.00014,82404.68,0.00178,82404.67,0.01398,82404.58,7e-05,82404.57,0.0072,82404.55,0.00128,82404.0,0.00235,82403.41,0.00014,82403.4,0.19213,82403.27,0.00028,82403.26,0.00915,82402.51,8e-05,82402.5,0.003,82401.98,0.0001,82401.95,0.02319,82401.85,0.01367,82404.82,2.44119,82404.89,0.00072,82405.38,0.00021,82405.39,0.00385,82405.93,0.00021,82405.99,0.00014,82406.0,0.08394,82406.32,0.00014,82406.33,0.80104,82406.46,0.0122,82409.32,0.69309,82409.33,0.46099,82409.5,7e-05,82409.87,0.14007,82411.4,0.01213,82411.77,0.36141,82411.95,1.59802,82412.0,0.08387,82412.01,0.49021,82413.14,0.04008
2025-03-09 18:16:19.753670,82404.815,0.0,82404.81,0.09409,82404.8,0.0005,82404.76,0.00027,82404.75,0.00021,82404.74,0.40021,82404.73,0.0005,82404.72,0.0002,82404.71,0.00021,82404.68,0.00164,82404.67,0.01398,82404.57,0.0072,82404.55,0.00128,82404.0,0.00235,82403.41,7e-05,82403.4,0.19206,82403.27,0.00028,82403.26,0.00915,82402.51,8e-05,82402.5,0.003,82401.98,0.0001,82404.82,2.83402,82404.89,0.00072,82405.38,0.00021,82405.39,0.00385,82405.93,0.00021,82405.99,0.00014,82406.0,0.08394,82406.31,0.00014,82406.32,0.30624,82406.33,0.80104,82406.46,0.0122,82407.9,0.04522,82409.33,0.46099,82409.5,7e-05,82411.4,0.0122,82411.77,0.09732,82411.94,0.69874,82411.95,9e-05,82412.0,0.08387,82412.01,0.49008
2025-03-09 18:16:19.853207,82404.745,-8.494649251622605e-05,82404.74,0.2756,82404.73,0.00014,82404.72,0.00014,82404.71,0.00028,82404.69,0.0006,82404.68,0.00014,82404.67,0.01391,82404.58,7e-05,82404.57,0.0072,82404.55,0.00128,82404.29,7e-05,82404.0,0.00235,82403.4,7e-05,82403.27,7e-05,82403.26,0.00915,82402.5,0.003,82401.99,0.00035,82401.98,0.0001,82401.96,0.00021,82401.95,0.02312,82404.75,2.49693,82404.76,0.00014,82404.77,0.00021,82404.8,0.00021,82404.81,2.32061,82404.82,0.51361,82404.89,7e-05,82405.38,7e-05,82405.39,0.00371,82405.93,7e-05,82406.0,0.0838,82406.33,7e-05,82406.46,0.0122,82407.74,0.00014,82407.9,0.04515,82409.33,0.01099,82409.5,7e-05,82411.4,0.0122,82411.77,0.09725,82411.93,0.407
2025-03-09 18:16:19.953145,82404.745,0.0,82404.74,0.36229,82404.73,0.00014,82404.72,0.00014,82404.71,0.00014,82404.69,0.00074,82404.68,0.00014,82404.67,0.01398,82404.58,7e-05,82404.57,0.0072,82404.55,0.00128,82404.0,0.00235,82403.46,7e-05,82403.27,7e-05,82403.26,0.00915,82402.5,0.003,82401.99,0.00035,82401.96,0.00021,82401.95,0.02319,82401.85,0.01374,82401.62,0.01391,82404.75,2.85358,82404.76,0.00014,82404.77,7e-05,82404.79,0.00014,82404.8,0.77594,82404.81,1.25112,82404.82,0.24916,82405.39,0.00371,82405.93,7e-05,82406.0,0.08387,82406.46,0.0122,82407.74,0.00014,82407.9,0.04522,82409.33,0.01092,82409.5,7e-05,82411.4,0.0122,82411.77,0.00505,82411.93,0.20942,82412.0,0.08387,82412.01,0.49008
2025-03-09 18:16:20.053216,82404.745,0.0,82404.74,0.36229,82404.73,0.00014,82404.72,0.00014,82404.71,0.00014,82404.69,0.00074,82404.68,0.00014,82404.67,0.01405,82404.61,0.00021,82404.58,7e-05,82404.57,0.0072,82404.55,0.00128,82404.0,0.00235,82403.46,7e-05,82403.27,7e-05,82403.26,0.00915,82402.5,0.003,82401.99,0.00035,82401.96,0.00028,82401.95,0.02319,82401.85,0.01367,82404.75,2.92035,82404.76,0.00014,82404.77,0.00014,82404.79,0.00021,82404.8,0.42241,82404.81,1.25163,82404.82,0.24865,82405.2,0.00014,82405.39,0.00371,82405.68,0.02427,82405.93,7e-05,82406.0,0.08387,82406.46,0.0122,82407.74,0.00014,82407.9,0.04522,82409.5,7e-05,82411.4,0.0122,82411.77,0.00505,82411.93,0.20942,82412.0,0.0838
2025-03-09 18:16:20.153911,82404.745,0.0,82404.74,0.25967,82404.73,0.00014,82404.72,0.00014,82404.71,0.00014,82404.69,0.00074,82404.68,0.00014,82404.67,0.01398,82404.65,0.00013,82404.61,0.00014,82404.58,7e-05,82404.57,0.0072,82404.55,0.00128,82404.29,7e-05,82404.02,7e-05,82404.01,0.20576,82404.0,0.00235,82403.26,0.00915,82402.5,0.003,82401.99,0.00035,82401.96,0.00021,82404.75,3.38203,82404.76,0.00014,82404.77,0.00014,82404.79,0.00021,82404.8,0.16725,82404.81,1.25163,82404.82,0.24865,82405.2,0.00014,82405.39,0.00371,82405.68,0.02434,82405.93,7e-05,82406.0,0.08387,82406.46,0.0122,82407.74,0.00014,82407.9,0.04522,82409.5,7e-05,82411.4,0.0122,82411.77,0.00505,82411.93,0.20942,82412.0,0.0838
2025-03-09 18:16:20.253764,82404.745,0.0,82404.74,0.26325,82404.73,0.00014,82404.72,0.00014,82404.71,0.00014,82404.69,0.00074,82404.68,0.00014,82404.67,0.01398,82404.65,0.00013,82404.58,7e-05,82404.57,0.0072,82404.55,0.00128,82404.02,0.00016,82404.01,0.20576,82404.0,0.00235,82403.26,0.00915,82402.63,7e-05,82402.5,0.003,82401.99,0.00035,82401.95,0.02312,82401.85,0.01367,82404.75,3.38373,82404.76,0.00014,82404.77,0.00014,82404.79,0.00021,82404.8,0.48035,82404.81,1.25163,82404.82,0.24865,82405.2,0.00014,82405.39,0.00371,82405.68,0.02434,82405.93,7e-05,82406.0,0.08387,82406.46,0.0122,82407.74,0.00014,82407.9,0.04522,82409.5,7e-05,82411.4,0.0122,82411.77,0.00505,82411.93,0.20942,82412.0,0.0838
2025-03-09 18:16:20.353291,82404.745,0.0,82404.74,0.25847,82404.73,0.00014,82404.72,0.00014,82404.71,0.00014,82404.69,0.00074,82404.68,0.00014,82404.67,0.01398,82404.58,7e-05,82404.57,0.0072,82404.55,0.00128,82404.02,0.00016,82404.01,0.20576,82404.0,0.00235,82403.26,0.00915,82402.63,7e-05,82402.5,0.003,82401.99,0.00035,82401.95,0.02312,82401.85,0.01367,82401.62,0.01391,82404.75,3.408,82404.76,0.00014,82404.77,0.00014,82404.79,0.00021,82404.8,0.48035,82404.81,1.25163,82404.82,0.24858,82405.2,0.00014,82405.39,0.00371,82405.68,7e-05,82405.93,7e-05,82406.0,0.08387,82406.46,0.0122,82407.74,0.00014,82407.9,0.04522,82409.5,7e-05,82411.4,0.0122,82411.77,0.00505,82411.93,0.20942,82412.0,0.0838
2025-03-09 18:16:20.453227,82404.745,0.0,82404.74,0.75852,82404.73,0.00014,82404.72,0.00014,82404.71,0.00014,82404.69,0.00074,82404.68,0.00014,82404.67,0.01398,82404.61,0.00013,82404.58,7e-05,82404.57,0.0072,82404.55,0.00128,82404.02,0.00016,82404.01,0.20576,82404.0,0.00235,82403.26,0.00915,82402.63,7e-05,82402.5,0.003,82401.99,0.00035,82401.95,0.02312,82401.9,8e-05,82404.75,3.01162,82404.76,0.00014,82404.77,0.00014,82404.79,0.00021,82404.8,0.48089,82404.81,0.00014,82404.82,0.24384,82405.2,0.00014,82405.39,0.00371,82405.68,7e-05,82405.93,7e-05,82406.0,0.08387,82406.46,0.0122,82407.74,0.00014,82407.8,0.80095,82407.9,0.04522,82409.5,7e-05,82411.4,0.0122,82411.77,0.00505,82411.93,0.20935
2025-03-09 18:16:20.553760,82404.745,0.0,82404.74,2.96738,82404.73,0.00014,82404.72,0.00014,82404.71,0.00014,82404.69,0.00074,82404.68,0.00014,82404.67,0.01405,82404.65,0.00013,82404.61,0.0002,82404.58,7e-05,82404.57,0.0072,82404.55,0.00128,82404.02,0.06529,82404.0,0.00235,82403.27,7e-05,82403.26,0.00915,82402.63,7e-05,82402.5,0.003,82401.99,0.00035,82401.96,0.00021,82404.75,1.1371,82404.76,0.00014,82404.77,0.00014,82404.79,0.00021,82404.8,0.35788,82404.81,7e-05,82404.82,0.03708,82405.2,0.00014,82405.39,0.00371,82405.93,0.00015,82406.0,0.08387,82406.46,0.0122,82406.8,0.02434,82407.74,0.00014,82407.9,7e-05,82409.5,7e-05,82411.4,0.0122,82411.77,0.00505,82411.93,0.20935,82412.0,0.0838
2025-03-09 18:16:20.653709,82404.745,0.0,82404.74,1.59942,82404.73,0.00014,82404.72,0.00014,82404.71,0.00014,82404.69,0.00074,82404.68,0.00014,82404.67,0.01405,82404.65,0.0002,82404.59,7e-05,82404.58,0.02569,82404.57,0.0072,82404.55,0.00128,82404.0,0.00235,82403.79,8e-05,82403.26,0.00915,82402.63,7e-05,82402.5,0.003,82402.33,7e-05,82402.32,0.80101,82401.99,0.00035,82404.75,1.64503,82404.76,0.00014,82404.77,0.00014,82404.79,0.00021,82404.8,0.0493,82404.81,0.00014,82404.82,0.03708,82405.1,0.00014,82405.2,7e-05,82405.39,0.00371,82405.93,7e-05,82405.99,7e-05,82406.0,0.08387,82406.46,0.0122,82407.74,0.00014,82407.9,0.04636,82409.5,7e-05,82411.4,0.01213,82411.77,0.00505,82411.93,0.20935
2025-03-09 18:16:20.753104,82404.745,0.0,82404.74,0.92028,82404.73,0.00014,82404.72,0.00014,82404.71,0.00014,82404.69,0.00074,82404.68,0.00028,82404.67,0.01405,82404.65,7e-05,82404.58,7e-05,82404.57,0.0072,82404.55,0.00128,82404.0,0.00235,82403.27,7e-05,82403.26,0.00915,82402.63,7e-05,82402.5,0.003,82402.34,7e-05,82402.33,0.34299,82401.99,0.00035,82401.96,0.00014,82404.75,2.32938,82404.76,0.00014,82404.77,0.00014,82404.79,0.00072,82404.8,0.04876,82404.81,0.00014,82404.82,0.03708,82405.1,0.00014,82405.2,7e-05,82405.39,0.00371,82405.93,7e-05,82405.99,7e-05,82406.0,0.08387,82406.46,0.0122,82407.74,0.00014,82407.9,0.04636,82409.5,7e-05,82411.4,0.0122,82411.77,0.00505,82411.93,0.20935
2025-03-09 18:16:20.853044,82404.745,0.0,82404.74,0.95155,82404.73,0.00014,82404.72,0.00014,82404.71,0.00014,82404.69,0.00074,82404.68,0.00028,82404.67,0.01398,82404.65,7e-05,82404.58,7e-05,82404.57,0.0072,82404.55,0.00128,82404.0,0.00235,82403.27,7e-05,82403.26,0.00915,82402.63,7e-05,82402.5,0.003,82402.35,7e-05,82402.34,0.18072,82401.99,0.00035,82401.96,0.00014,82404.75,1.85657,82404.76,0.00014,82404.77,0.00014,82404.79,0.00072,82404.8,0.04876,82404.81,0.00014,82404.82,0.03708,82405.1,7e-05,82405.2,7e-05,82405.39,0.00371,82405.93,7e-05,82405.99,7e-05,82406.0,0.08387,82406.46,0.0122,82407.74,0.00014,82407.9,0.04636,82409.5,7e-05,82411.4,0.0122,82411.77,0.00505,82411.93,0.20935
2025-03-09 18:16:20.953276,82404.745,0.0,82404.74,0.91127,82404.73,0.00014,82404.72,0.00014,82404.71,0.00014,82404.69,0.00088,82404.68,0.00014,82404.67,0.01398,82404.65,7e-05,82404.58,7e-05,82404.57,0.0072,82404.55,0.00128,82404.0,0.00235,82403.27,7e-05,82403.26,0.00915,82402.63,7e-05,82402.5,0.003,82402.35,7e-05,82402.34,0.29555,82401.99,0.00035,82401.96,0.00014,82404.75,2.24696,82404.76,0.00014,82404.77,0.00014,82404.79,0.00072,82404.8,0.04876,82404.81,0.00014,82404.82,0.03708,82405.1,7e-05,82405.2,7e-05,82405.39,0.00371,82405.93,7e-05,82405.99,7e-05,82406.0,0.08387,82406.46,0.01213,82407.74,0.00014,82407.9,7e-05,82408.55,0.04641,82409.5,7e-05,82411.4,0.01213,82411.77,0.00505
2025-03-09 18:16:21.053251,82404.745,0.0,82404.74,0.91079,82404.73,0.00014,82404.72,0.00014,82404.71,0.00014,82404.69,0.00088,82404.68,0.00014,82404.67,0.01418,82404.65,7e-05,82404.58,7e-05,82404.57,0.0072,82404.55,0.00128,82404.0,0.00235,82403.27,7e-05,82403.26,0.00915,82402.63,7e-05,82402.5,0.003,82402.36,7e-05,82401.99,0.00035,82401.96,0.00014,82401.95,0.02312,82404.75,2.27401,82404.76,0.00014,82404.77,0.00014,82404.79,0.00072,82404.8,0.04876,82404.81,0.00014,82404.82,0.03708,82405.1,7e-05,82405.2,7e-05,82405.39,0.00371,82405.93,7e-05,82405.99,7e-05,82406.0,0.08387,82406.46,0.0122,82407.74,0.00014,82408.55,0.04648,82409.5,7e-05,82411.4,0.01213,82411.77,0.00505,82411.93,0.20935
2025-03-09 18:16:21.153279,82404.745,0.0,82404.74,0.9259,82404.73,0.00014,82404.72,0.00014,82404.71,0.00014,82404.69,0.00088,82404.68,0.00014,82404.67,0.01411,82404.65,7e-05,82404.58,7e-05,82404.57,0.0072,82404.55,0.00128,82404.0,0.00235,82403.27,7e-05,82403.26,0.00915,82402.63,7e-05,82402.5,0.003,82401.99,0.00035,82401.96,0.00021,82401.95,0.02312,82401.85,0.01367,82404.75,2.33882,82404.76,0.00014,82404.77,0.00014,82404.78,0.00069,82404.79,0.00021,82404.8,0.04869,82404.81,0.00014,82404.82,0.03708,82405.2,7e-05,82405.39,0.00371,82405.93,7e-05,82405.99,7e-05,82406.0,0.08387,82406.46,0.01213,82407.74,0.00014,82408.55,7e-05,82409.5,7e-05,82411.4,0.01213,82411.77,0.00505,82411.92,7e-05
2025-03-09 18:16:21.253249,82404.745,0.0,82404.74,0.91022,82404.73,0.00014,82404.72,0.00014,82404.71,0.00014,82404.7,0.00028,82404.69,0.00081,82404.68,0.00014,82404.67,0.01398,82404.58,7e-05,82404.57,0.0072,82404.55,0.00128,82404.0,0.00235,82403.27,7e-05,82403.26,0.00915,82402.63,7e-05,82402.5,0.003,82401.99,0.00035,82401.96,0.00021,82401.95,0.02312,82401.85,0.01367,82404.75,2.28668,82404.76,0.00014,82404.77,0.00014,82404.78,0.00069,82404.79,0.00021,82404.8,0.04869,82404.81,0.00014,82404.82,0.03708,82405.2,7e-05,82405.39,0.00371,82405.93,7e-05,82405.99,7e-05,82406.0,0.08387,82406.46,0.01213,82407.74,0.00014,82409.28,7e-05,82409.29,0.80094,82409.5,7e-05,82409.53,0.04494,82411.4,0.01213
2025-03-09 18:16:21.353846,82404.745,0.0,82404.74,0.9099,82404.73,0.00014,82404.72,0.00014,82404.71,0.00014,82404.7,0.00028,82404.69,0.00081,82404.68,0.00014,82404.67,0.01398,82404.58,7e-05,82404.57,0.0072,82404.55,0.00128,82404.0,0.00235,82403.27,7e-05,82403.26,0.00915,82402.63,7e-05,82402.5,0.003,82401.99,0.00035,82401.96,0.00021,82401.95,0.02312,82401.85,0.01367,82404.75,2.28584,82404.76,0.00014,82404.77,0.00014,82404.78,0.00069,82404.79,0.00021,82404.8,0.28906,82404.81,7e-05,82404.82,0.03708,82405.2,7e-05,82405.39,0.00371,82405.93,7e-05,82406.0,0.08387,82406.46,0.01213,82407.74,0.00014,82409.29,0.80094,82409.5,7e-05,82409.53,0.04494,82411.4,0.01213,82411.77,0.00505,82411.93,0.20935
2025-03-09 18:16:21.453102,82404.745,0.0,82404.74,0.97416,82404.73,0.00014,82404.72,0.00014,82404.71,0.00014,82404.7,0.00014,82404.69,0.00081,82404.68,0.00014,82404.67,0.01398,82404.58,7e-05,82404.57,0.0072,82404.55,0.00128,82404.0,0.00235,82403.89,8e-05,82403.27,7e-05,82403.26,0.00915,82402.63,7e-05,82402.5,0.003,82401.99,0.00035,82401.96,0.00021,82401.95,0.02312,82404.75,1.35148,82404.76,0.00014,82404.77,0.00014,82404.78,0.00069,82404.79,0.00021,82404.8,0.28906,82404.81,7e-05,82404.82,0.03708,82405.2,7e-05,82405.39,0.00371,82405.93,7e-05,82406.0,0.08387,82406.46,0.01213,82407.74,0.00014,82409.29,0.80094,82409.5,7e-05,82409.53,0.04494,82411.4,0.01213,82411.77,0.00505,82411.93,0.20935
2025-03-09 18:16:21.553215,82404.745,0.0,82404.74,1.73382,82404.73,0.00014,82404.72,0.00014,82404.71,0.00014,82404.7,0.00027,82404.69,0.00067,82404.68,0.00014,82404.67,0.01398,82404.58,7e-05,82404.57,0.0072,82404.55,0.00128,82404.0,0.00235,82403.89,8e-05,82403.27,7e-05,82403.26,0.00915,82402.71,7e-05,82402.7,0.801,82402.63,7e-05,82402.5,0.003,82401.99,0.00035,82404.75,1.27722,82404.76,0.00014,82404.77,0.00014,82404.78,0.00069,82404.79,0.00021,82404.8,0.28906,82404.81,7e-05,82404.82,0.03708,82405.2,7e-05,82405.39,0.00371,82405.93,7e-05,82406.0,0.08387,82406.46,0.01213,82407.74,0.00014,82409.5,7e-05,82410.75,8e-05,82411.4,0.01213,82411.77,0.00505,82411.93,0.20935,82412.0,0.0838
2025-03-09 18:16:21.653264,82405.92499999999,0.0014319563758045913,82405.92,3.29264,82405.85,0.00014,82405.78,0.00014,82405.39,0.00021,82405.38,0.00694,82405.2,0.00049,82405.19,0.52494,82405.09,0.45022,82404.81,0.0068,82404.8,1.23245,82404.74,0.88702,82404.7,0.00013,82404.67,0.01391,82404.57,0.0072,82404.55,0.00128,82404.0,0.00235,82403.26,0.00915,82402.63,7e-05,82402.5,0.003,82401.99,0.00021,82405.93,0.00131,82405.96,0.00069,82405.97,7e-05,82405.98,0.01852,82405.99,0.02903,82406.0,0.00014,82406.18,7e-05,82406.45,0.00014,82406.46,0.01227,82406.76,7e-05,82407.47,7e-05,82407.48,0.08007,82408.0,0.0838,82409.5,7e-05,82409.64,0.02434,82409.99,7e-05,82410.0,0.08387,82410.75,8e-05,82411.4,0.0122,82411.77,0.00505
2025-03-09 18:16:21.753286,82407.58499999999,0.002014418259370904,82407.58,3.39017,82407.48,7e-05,82407.47,7e-05,82407.46,0.45007,82407.45,0.09647,82406.75,0.16365,82406.46,7e-05,82406.45,7e-05,82406.44,4.41418,82406.43,0.59458,82406.17,0.00687,82405.99,0.0068,82405.98,0.13322,82405.95,0.00693,82405.94,0.00986,82405.93,0.00031,82405.92,0.8047,82405.19,0.518,82405.11,7e-05,82404.81,8e-05,82407.59,0.00089,82407.62,0.00051,82407.99,7e-05,82408.0,0.0838,82408.42,7e-05,82409.13,7e-05,82409.14,0.02134,82409.5,0.00014,82409.99,0.00014,82410.0,0.08387,82410.75,0.00015,82411.4,7e-05,82411.92,0.00014,82411.93,0.12794,82412.0,0.08387,82412.28,0.0015,82412.69,7e-05,82412.82,0.01012,82413.0,0.003,82413.14,7e-05
2025-03-09 18:16:21.853174,82407.995,0.0004975270176932044,82407.99,4.49507,82407.96,0.00055,82407.6,7e-05,82407.59,3.44131,82407.58,0.45479,82405.98,0.13322,82405.95,0.00013,82405.94,0.00986,82405.19,0.51807,82405.11,7e-05,82404.92,0.00012,82404.74,0.70389,82404.67,0.01391,82404.57,0.0072,82404.55,0.00128,82404.0,0.00235,82403.26,0.00915,82402.63,7e-05,82402.5,0.003,82401.99,0.00021,82408.0,0.08397,82408.01,7e-05,82408.15,0.00013,82409.13,7e-05,82409.14,0.02127,82409.22,7e-05,82409.23,0.0122,82409.24,7e-05,82409.99,7e-05,82410.0,0.08387,82410.75,8e-05,82411.92,7e-05,82411.99,7e-05,82412.0,0.08387,82412.28,0.0015,82413.0,0.003,82413.8,7e-05,82413.99,7e-05,82414.0,0.08387,82414.1,0.19389
2025-03-09 18:16:21.953725,82407.995,0.0,82407.99,4.94515,82407.97,0.00014,82407.96,0.00055,82407.61,7e-05,82407.6,1.5887,82407.59,0.80126,82407.58,0.45029,82406.0,9e-05,82405.98,0.13308,82405.94,0.00986,82405.19,0.51807,82405.11,7e-05,82404.74,0.65879,82404.67,0.01391,82404.57,0.0072,82404.55,0.00128,82404.0,0.00235,82403.26,0.00915,82402.63,7e-05,82402.5,0.003,82408.0,1.03617,82408.01,7e-05,82408.15,0.00013,82409.13,7e-05,82409.14,0.02127,82409.21,7e-05,82409.22,0.02896,82409.23,0.0122,82409.24,7e-05,82409.99,7e-05,82410.0,0.08387,82410.07,7e-05,82410.08,0.20304,82410.75,8e-05,82412.0,0.08387,82412.28,0.0015,82413.0,0.003,82413.8,7e-05,82413.99,0.13198,82414.0,0.08387
2025-03-09 18:16:22.053287,82407.995,0.0,82407.99,4.41763,82407.97,0.00014,82407.96,0.00055,82407.61,7e-05,82407.6,0.78171,82407.59,0.80126,82407.58,0.45015,82406.0,9e-05,82405.98,0.01563,82405.94,0.00986,82405.19,0.51807,82405.11,7e-05,82404.74,0.65879,82404.67,0.01391,82404.57,0.0072,82404.55,0.00128,82404.0,0.00235,82403.26,0.00915,82402.63,7e-05,82402.5,0.003,82408.0,1.15018,82408.01,7e-05,82408.08,0.00013,82408.1,0.00013,82409.13,7e-05,82409.14,0.0212,82409.22,0.00014,82409.23,0.0122,82409.24,7e-05,82409.98,7e-05,82409.99,0.08619,82410.0,0.0838,82410.08,7e-05,82410.75,8e-05,82412.0,0.08387,82412.28,0.0015,82413.0,0.003,82413.8,7e-05,82413.98,0.11344,82413.99,7e-05
2025-03-09 18:16:22.153835,82407.995,0.0,82407.99,2.89963,82407.97,0.00084,82407.61,0.00021,82407.6,0.50613,82407.59,0.80126,82407.58,0.00015,82406.0,9e-05,82405.98,0.01563,82405.94,0.00986,82405.19,0.51807,82405.11,7e-05,82404.74,0.41899,82404.67,0.01391,82404.57,0.0072,82404.55,0.00128,82404.0,0.00235,82403.26,0.00915,82402.63,7e-05,82402.5,0.003,82401.99,0.00021,82408.0,2.21418,82408.01,0.00021,82408.08,0.00027,82408.1,0.00027,82409.13,0.00021,82409.14,0.02127,82409.22,0.00021,82409.23,0.01227,82409.24,7e-05,82409.98,0.00017,82409.99,0.02526,82410.0,0.0838,82410.08,7e-05,82410.75,8e-05,82411.99,0.05862,82412.0,0.0838,82412.28,0.0015,82413.0,0.003,82413.8,7e-05,82413.99,7e-05
2025-03-09 18:16:22.253171,82407.995,0.0,82407.99,2.79526,82407.97,0.00084,82407.61,0.00021,82407.6,0.50225,82407.59,0.80126,82407.58,0.00015,82406.0,9e-05,82405.98,0.01563,82405.94,0.00986,82405.19,0.51807,82405.11,7e-05,82404.74,0.41899,82404.67,0.01391,82404.57,0.0072,82404.55,0.00128,82404.0,0.00235,82403.26,0.00915,82402.63,7e-05,82402.5,0.003,82401.99,0.00021,82408.0,1.20545,82408.01,0.00014,82408.02,0.00013,82408.07,0.00013,82408.08,0.00014,82408.1,7e-05,82409.13,0.00014,82409.14,0.02127,82409.22,0.00014,82409.23,0.0122,82409.24,7e-05,82409.98,0.00017,82409.99,0.02526,82410.0,0.0838,82410.08,7e-05,82410.75,8e-05,82411.99,0.05862,82412.0,0.0838,82412.28,0.0015,82413.0,0.003
2025-03-09 18:16:22.353300,82407.995,0.0,82407.99,3.81308,82407.97,0.00084,82407.61,0.00021,82407.6,0.00021,82407.59,0.80133,82407.58,8e-05,82406.0,9e-05,82405.98,0.01563,82405.94,0.00986,82405.27,0.09002,82405.19,0.51807,82405.11,7e-05,82404.74,0.41899,82404.67,0.01391,82404.57,0.0072,82404.55,0.00128,82404.0,0.00235,82403.26,0.00915,82402.63,7e-05,82402.5,0.003,82408.0,0.00018,82408.01,0.00014,82408.02,0.00013,82408.07,0.00013,82409.13,0.00014,82409.14,0.02127,82409.22,7e-05,82409.23,0.0122,82409.24,7e-05,82409.98,0.0001,82410.0,0.0838,82410.75,8e-05,82411.99,7e-05,82412.0,0.08387,82412.28,0.0015,82413.0,0.003,82413.8,7e-05,82413.99,0.00014,82414.0,0.0838,82414.17,0.01213
2025-03-09 18:16:22.453294,82410.89499999999,0.003519076031390133,82410.89,3.49879,82410.84,7e-05,82410.74,0.45007,82410.02,2.65381,82410.0,0.00011,82409.99,0.94923,82408.35,0.0122,82408.0,0.46483,82407.99,0.27029,82407.97,0.00014,82405.98,0.01563,82405.27,0.09002,82405.2,0.2914,82405.19,0.51807,82404.74,0.41899,82404.67,0.01391,82404.57,0.0072,82404.55,0.00128,82404.0,0.00235,82403.97,0.00013,82410.9,0.0001,82411.06,0.00021,82411.62,8e-05,82411.63,7e-05,82411.64,0.0122,82411.73,7e-05,82411.98,7e-05,82411.99,0.00013,82412.28,0.0015,82412.56,7e-05,82413.0,0.003,82413.38,7e-05,82413.8,7e-05,82413.99,0.00022,82414.0,0.08387,82414.68,0.00013,82414.7,0.02015,82415.19,0.00013,82415.87,7e-05,82415.97,0.00016
2025-03-09 18:16:22.553647,82415.185,0.005205622387680839,82415.18,2.11797,82414.71,7e-05,82414.69,0.0068,82414.67,0.0068,82414.2,0.45015,82414.19,0.35989,82413.95,0.00014,82412.99,0.0068,82412.98,0.16365,82412.55,0.0068,82411.64,2.17745,82411.63,0.29399,82410.89,0.0855,82410.03,1.04991,82409.99,0.80995,82409.85,0.00012,82408.36,0.00021,82408.0,0.46467,82407.99,9e-05,82407.76,0.04,82415.19,0.00037,82415.84,7e-05,82415.85,0.0122,82415.99,0.00016,82417.99,7e-05,82418.0,0.08387,82418.1,7e-05,82418.59,0.02022,82419.31,0.00013,82419.45,0.00144,82419.99,7e-05,82420.0,0.08387,82420.15,0.01006,82420.28,7e-05,82420.29,0.11074,82420.72,0.02007,82421.22,0.04007,82421.31,0.00013,82421.42,0.08007,82422.0,0.0838
2025-03-09 18:16:22.653786,82417.985,0.0033974321601084926,82417.98,3.14401,82417.79,7e-05,82417.78,0.35989,82417.07,0.46474,82415.98,0.45007,82415.85,9e-05,82415.18,0.1667,82414.22,7e-05,82414.19,0.35989,82413.95,0.00014,82413.23,0.04903,82412.95,0.00012,82412.57,7e-05,82411.65,0.08514,82411.63,0.20375,82410.89,0.06473,82410.04,0.54803,82409.99,0.45,82408.94,0.00013,82408.85,0.00021,82417.99,0.00295,82418.1,7e-05,82418.15,0.00014,82418.58,7e-05,82418.59,0.02022,82419.18,7e-05,82419.31,0.0002,82419.44,8e-05,82419.45,0.00144,82419.99,7e-05,82420.0,0.08387,82420.28,7e-05,82420.29,0.11074,82421.31,0.00013,82422.0,0.08387,82422.3,0.00013,82422.4,7e-05,82423.35,0.12109,82423.36,0.13935,82424.0,0.0838
2025-03-09 18:16:22.753212,82417.985,0.0,82417.98,3.41062,82417.97,0.00014,82417.8,7e-05,82417.79,0.38265,82417.78,0.35989,82417.07,0.00014,82416.34,0.01213,82415.99,0.00016,82415.98,0.45007,82415.18,0.0002,82414.22,7e-05,82414.19,0.35989,82412.95,0.00012,82412.57,7e-05,82411.65,0.08514,82410.89,0.06473,82410.05,0.32878,82409.99,0.45007,82409.89,0.01555,82408.94,0.00013,82417.99,0.38518,82418.0,0.08401,82418.1,0.00021,82418.15,0.00028,82418.58,0.00023,82418.59,0.02029,82419.18,7e-05,82419.44,8e-05,82419.45,0.00144,82419.99,0.08382,82420.0,0.08387,82420.28,0.00013,82420.29,0.11074,82421.99,0.00015,82422.0,0.08387,82422.25,0.21568,82422.3,0.00013,82422.4,7e-05,82423.35,0.12102,82423.36,7e-05
2025-03-09 18:16:22.853216,82417.985,0.0,82417.98,3.45924,82417.97,0.00112,82417.8,7e-05,82417.79,0.24679,82416.34,0.0122,82415.99,0.00023,82415.98,0.45007,82415.88,7e-05,82414.2,0.15306,82412.95,0.00012,82412.57,7e-05,82411.65,0.08514,82411.4,0.0122,82410.89,0.06473,82410.05,0.32878,82409.99,0.45007,82409.89,0.01555,82408.94,0.00013,82408.85,0.00021,82408.22,0.0489,82417.99,0.32526,82418.0,0.08401,82418.08,0.00014,82418.1,0.00042,82418.15,0.00014,82418.58,0.00016,82418.59,0.02029,82419.18,7e-05,82419.43,0.00024,82419.44,8e-05,82419.45,0.00144,82419.63,0.01213,82419.65,7e-05,82419.98,7e-05,82419.99,0.13808,82420.0,0.08387,82420.28,0.00013,82420.29,0.11074,82421.99,0.00015,82422.0,0.0838
2025-03-09 18:16:22.953109,82417.985,0.0,82417.98,3.43878,82417.97,0.00112,82417.81,7e-05,82417.8,0.21288,82416.34,0.0122,82415.99,0.00016,82415.98,0.45007,82415.88,7e-05,82414.21,0.09467,82413.67,0.08995,82412.57,7e-05,82412.37,0.0456,82411.65,0.08514,82411.4,0.0122,82410.89,0.06473,82410.75,0.04665,82410.06,0.00012,82410.05,0.32878,82409.99,0.45007,82409.89,0.01555,82417.99,0.00274,82418.0,0.00028,82418.08,0.00021,82418.1,0.00013,82418.35,7e-05,82418.58,0.00023,82418.59,0.02022,82419.18,7e-05,82419.44,8e-05,82419.45,0.00144,82419.62,7e-05,82419.63,0.0122,82419.99,0.00018,82420.0,0.08387,82420.28,0.0002,82420.29,0.11074,82421.99,0.00015,82422.0,0.0838,82422.3,0.00013,82423.36,7e-05
2025-03-09 18:16:23.053230,82422.285,0.005217307848527127,82422.28,4.45619,82422.22,0.00014,82422.21,0.63355,82422.09,0.46474,82420.29,2.5303,82420.28,0.26064,82420.27,0.0068,82420.23,0.02433,82419.99,0.4502,82418.64,0.04664,82418.36,0.04007,82418.0,0.00019,82417.99,1.17083,82417.98,0.27005,82417.97,0.00105,82417.33,0.02433,82416.62,0.00012,82414.21,0.09467,82413.98,0.06066,82413.72,0.03033,82422.29,0.00067,82422.3,0.00013,82422.38,0.00013,82423.99,0.0001,82424.36,7e-05,82424.37,0.003,82424.44,0.00013,82425.39,0.00013,82425.8,7e-05,82425.87,7e-05,82425.93,0.00027,82426.39,7e-05,82426.4,0.01967,82426.62,0.00144,82427.82,0.00013,82427.99,7e-05,82428.0,0.0838,82428.74,0.01012,82429.53,0.00054,82429.6,0.00121
2025-03-09 18:16:23.154170,82426.39499999999,0.004986515479382827,82426.39,2.26255,82426.38,0.0068,82426.37,0.00014,82426.33,0.00057,82425.93,7e-05,82425.92,0.0068,82425.87,7e-05,82425.86,0.45687,82425.68,0.04285,82425.39,1.81042,82425.35,0.35989,82425.03,0.02433,82424.35,0.0068,82423.98,0.03584,82422.4,0.00019,82422.29,2.72196,82422.28,0.6343,82422.22,0.08514,82422.21,0.1422,82422.09,0.46467,82426.4,0.00024,82426.41,0.00019,82428.39,0.00055,82428.72,0.00019,82429.6,0.00121,82429.99,7e-05,82430.0,0.08387,82430.44,0.01973,82431.51,0.00013,82431.76,0.00011,82431.99,7e-05,82432.0,0.08387,82433.68,0.00013,82433.79,0.00144,82434.0,0.0838,82434.04,0.01011,82434.63,0.00013,82435.3,7e-05,82435.49,0.003,82435.93,0.0001
2025-03-09 18:16:23.253262,82426.39499999999,0.0,82426.39,2.5269,82426.37,0.00014,82426.33,0.00057,82425.87,7e-05,82425.86,0.45007,82425.68,0.04285,82425.4,0.6605,82425.35,0.35989,82423.98,0.03584,82422.4,0.00019,82422.3,1.05101,82422.28,0.60584,82422.22,0.08514,82422.21,0.0931,82422.09,0.46474,82420.2,0.06064,82419.99,0.45007,82419.1,0.02433,82418.73,0.02433,82418.64,0.04657,82426.4,0.26979,82426.41,0.00012,82426.51,0.00014,82426.56,0.00013,82428.0,0.0838,82428.39,0.00055,82428.72,0.00019,82429.6,0.00121,82429.99,7e-05,82430.0,0.08387,82430.44,0.01973,82431.51,0.00013,82431.99,7e-05,82432.0,0.08387,82433.68,0.00013,82433.79,0.00144,82434.0,0.0838,82434.04,0.01011,82434.63,0.00013,82435.3,7e-05
2025-03-09 18:16:23.353214,82426.39499999999,0.0,82426.39,1.52319,82426.37,0.00014,82426.34,0.00057,82425.86,7e-05,82425.69,7e-05,82425.68,0.04285,82425.42,7e-05,82425.41,0.30612,82425.35,7e-05,82424.99,7e-05,82423.98,0.03572,82422.4,0.00019,82422.31,0.52643,82422.28,7e-05,82422.22,0.08514,82422.09,0.46474,82420.2,0.06064,82419.99,0.45,82419.37,0.00012,82418.65,0.06292,82426.4,1.25286,82426.41,0.00012,82426.51,0.00014,82426.56,0.00013,82427.98,7e-05,82427.99,0.05701,82428.0,0.08387,82428.39,0.00055,82428.72,0.00012,82429.6,0.00121,82430.0,0.08387,82430.44,0.01973,82431.51,0.00013,82431.99,0.05484,82432.0,0.08387,82433.68,0.00013,82433.79,0.00144,82434.0,0.0838,82434.04,0.01011,82434.63,0.00013
2025-03-09 18:16:23.453123,82426.39499999999,0.0,82426.39,2.32167,82426.37,0.00014,82426.34,0.00057,82425.7,7e-05,82425.69,0.01299,82425.57,0.08995,82425.53,7e-05,82425.52,0.02433,82424.99,7e-05,82424.76,7e-05,82424.75,0.0122,82424.1,7e-05,82424.09,0.02433,82423.99,7e-05,82423.98,0.03572,82422.5,7e-05,82422.4,0.00019,82422.32,7e-05,82422.31,0.31826,82422.22,0.08514,82426.4,0.00061,82426.41,0.00012,82426.42,0.00013,82426.56,0.00013,82427.99,7e-05,82428.0,0.08387,82428.04,0.0122,82428.39,7e-05,82428.72,0.00012,82429.6,0.00121,82429.99,7e-05,82430.0,0.08387,82430.44,0.01973,82431.51,0.00013,82432.0,0.08387,82432.98,0.0122,82433.55,8e-05,82433.68,0.00013,82433.79,0.00144,82434.0,0.0838
2025-03-09 18:16:23.553294,82432.48000000001,0.007382343968847546,82431.99,0.10979,82431.22,0.65418,82430.43,1.47087,82430.42,1.1638,82430.4,0.00013,82430.37,0.00051,82430.09,7e-05,82430.08,0.50434,82429.99,1.67516,82429.98,0.0068,82429.59,0.45687,82429.58,0.47335,82429.56,0.00059,82429.45,0.35989,82428.38,0.0068,82428.15,0.00692,82428.03,0.0068,82427.94,0.0122,82426.59,0.00016,82426.4,0.75342,82432.97,0.00015,82433.68,0.00013,82433.79,0.00144,82433.99,7e-05,82434.0,0.08387,82435.49,0.003,82435.96,0.00013,82435.99,7e-05,82436.0,0.08387,82436.11,0.00013,82436.17,0.01213,82436.79,0.01008,82437.52,0.00016,82437.53,0.00013,82437.73,0.00028,82438.34,7e-05,82438.43,0.0003,82438.54,7e-05,82439.6,7e-05,82439.89,0.00013
2025-03-09 18:16:23.653684,82440.705,0.009977863094730704,82440.7,2.34375,82440.6,0.00351,82440.0,7e-05,82439.98,0.0118,82439.88,0.00346,82436.86,0.50434,82436.78,1.19523,82436.77,0.45007,82436.16,0.0068,82435.99,0.00081,82435.19,0.09002,82433.78,0.0068,82433.67,0.0068,82432.96,0.27474,82432.48,0.02107,82431.99,0.04638,82430.94,0.00059,82430.44,1.66533,82430.4,0.00026,82429.58,0.45014,82440.71,0.25804,82440.72,0.0002,82440.84,0.00014,82440.95,7e-05,82440.96,0.00144,82441.16,7e-05,82441.17,0.0013,82441.18,0.07929,82441.99,7e-05,82442.0,0.08387,82442.37,0.01011,82442.89,0.003,82443.9,7e-05,82443.99,0.00089,82444.0,0.08387,82444.19,0.0001,82444.33,0.01829,82445.45,7e-05,82445.46,0.40714,82446.05,0.00013
2025-03-09 18:16:23.753138,82440.705,0.0,82440.7,1.9726,82440.68,0.00059,82440.6,0.00054,82439.06,0.01213,82436.88,7e-05,82436.87,0.51222,82436.86,0.50434,82436.77,0.45007,82435.99,0.00081,82435.2,0.05132,82435.19,7e-05,82434.06,0.04,82433.68,0.00013,82432.96,0.22318,82431.99,0.04645,82430.94,0.00059,82430.47,0.08507,82430.46,0.46467,82430.45,0.6097,82430.44,0.00025,82440.71,0.54966,82440.72,0.00027,82440.73,0.00014,82440.84,0.00014,82440.95,7e-05,82440.96,0.00144,82441.17,0.05422,82441.18,0.07929,82441.99,7e-05,82442.0,0.08387,82442.89,0.003,82443.9,7e-05,82443.99,0.07275,82444.0,0.08387,82444.19,0.0001,82444.33,0.01822,82446.05,0.00013,82446.3,0.00013,82446.82,0.00013,82447.91,0.00032
2025-03-09 18:16:23.853244,82441.17499999999,0.0005701067209294392,82441.17,3.99603,82441.16,1.92291,82441.08,0.00058,82440.7,0.94441,82439.09,0.09002,82439.06,0.01227,82437.71,0.00016,82435.99,0.00081,82435.2,0.02607,82434.49,0.04662,82434.11,0.0122,82434.06,0.04007,82433.68,0.00013,82433.27,0.04749,82431.99,0.04645,82431.38,0.06007,82430.94,0.00059,82430.48,9e-05,82430.47,0.33773,82430.46,0.46467,82441.18,0.07939,82441.33,0.00014,82441.99,0.00052,82442.34,7e-05,82442.35,0.01219,82442.88,0.00016,82442.89,0.003,82443.99,7e-05,82444.33,0.01829,82445.99,7e-05,82446.0,0.08387,82446.05,0.00013,82446.3,0.00013,82446.82,0.00013,82447.3,0.01212,82447.91,0.00032,82448.06,0.00034,82448.07,0.01011,82448.13,0.00144,82448.17,0.00015
2025-03-09 18:16:23.953281,82446.005,0.00585872290153106,82446.0,2.56985,82445.99,3.11989,82445.98,0.61399,82445.91,0.0036,82445.9,0.00346,82445.82,0.1635,82445.3,0.16365,82444.86,7e-05,82444.32,0.00081,82443.0,0.00014,82441.18,0.46474,82441.17,0.58741,82441.15,0.00059,82440.7,0.65339,82439.22,0.02432,82439.1,0.03081,82439.09,0.09002,82439.06,0.0122,82437.79,0.02425,82437.69,0.04303,82446.01,0.0001,82446.04,0.00046,82446.3,0.00013,82446.82,0.00013,82447.29,7e-05,82447.3,0.01219,82447.91,0.00032,82448.13,0.00144,82448.17,0.00015,82449.26,0.00013,82449.68,0.00044,82449.69,0.10603,82449.86,0.01784,82449.99,7e-05,82450.0,0.08387,82450.92,0.00015,82451.13,0.003,82452.18,0.00013,82452.35,0.04644,82452.45,0.0001
2025-03-09 18:16:24.053619,82449.685,0.0044635273716331254,82449.68,5.18744,82449.66,0.00059,82449.61,7e-05,82449.6,0.00493,82449.26,7e-05,82449.25,0.45007,82447.9,1.94192,82446.29,0.0068,82446.03,0.0068,82446.0,0.57457,82445.98,0.00026,82445.69,7e-05,82445.36,0.0431,82444.32,0.00081,82443.0,0.00014,82441.7,0.00012,82441.19,0.33569,82441.18,0.46474,82441.17,0.00915,82440.7,0.45131,82449.69,0.10613,82449.7,0.00019,82449.8,0.00013,82449.84,0.00013,82449.85,0.00079,82451.12,7e-05,82451.13,0.003,82451.47,7e-05,82451.99,7e-05,82452.0,0.08387,82452.5,7e-05,82452.99,0.01789,82453.06,0.0001,82453.24,7e-05,82453.25,0.24246,82453.35,0.02185,82454.0,0.08387,82454.66,7e-05,82454.86,0.06,82455.01,0.0023
2025-03-09 18:16:24.154224,82449.685,0.0,82449.68,4.64097,82449.66,0.00059,82449.6,0.00057,82447.92,7e-05,82447.91,0.77205,82447.9,0.11821,82446.49,0.09002,82446.0,0.45007,82445.69,7e-05,82445.36,0.0431,82444.32,0.00081,82443.0,0.00014,82441.7,0.00012,82441.19,0.33569,82441.18,0.46474,82441.17,0.00915,82440.7,0.45138,82439.38,0.00013,82439.22,0.02432,82439.1,0.04722,82449.69,0.9123,82449.7,0.00033,82449.72,0.00027,82449.8,0.00027,82449.84,0.00027,82449.85,0.00079,82449.99,7e-05,82450.0,0.08387,82451.13,0.003,82451.47,7e-05,82451.99,0.0253,82452.0,0.08387,82452.5,7e-05,82452.99,0.01782,82453.06,0.0001,82453.24,0.1236,82454.0,0.0838,82454.66,7e-05,82455.01,0.0023,82455.31,0.00144
2025-03-09 18:16:24.253609,82449.685,0.0,82449.68,2.97922,82449.66,0.00066,82449.61,0.00062,82449.14,0.00012,82447.92,0.44237,82447.91,7e-05,82447.9,0.11821,82445.69,7e-05,82445.36,0.04303,82444.32,0.00081,82443.0,0.00014,82441.21,7e-05,82441.2,0.34843,82441.18,7e-05,82441.17,0.00915,82440.7,0.45131,82439.6,7e-05,82439.38,0.00013,82439.1,0.04722,82438.02,0.00012,82449.69,1.72008,82449.7,0.00033,82449.72,0.00027,82449.74,0.00014,82449.75,0.00027,82449.8,0.00014,82449.84,7e-05,82449.85,0.00086,82449.98,0.00014,82449.99,0.05897,82450.0,0.08387,82451.13,0.003,82451.47,7e-05,82452.0,0.08387,82452.5,7e-05,82452.99,0.01782,82453.06,0.0001,82453.23,0.06343,82454.0,0.0838,82454.66,7e-05
2025-03-09 18:16:24.353166,82449.685,0.0,82449.68,2.37423,82449.66,0.00014,82449.61,0.00069,82449.14,0.00026,82447.92,0.00014,82447.91,0.00014,82447.9,0.11828,82447.34,7e-05,82445.83,0.04897,82445.37,0.01315,82445.36,7e-05,82444.32,0.00081,82443.0,0.00014,82441.22,7e-05,82441.21,0.24276,82441.17,0.00915,82440.7,0.45129,82439.6,7e-05,82439.38,0.00013,82439.1,0.01648,82449.69,1.92327,82449.7,0.00033,82449.71,0.00028,82449.72,0.00014,82449.74,0.00028,82449.75,0.0002,82449.8,7e-05,82449.84,7e-05,82449.85,0.00079,82449.98,7e-05,82449.99,0.05897,82450.0,0.08387,82451.13,0.003,82451.47,7e-05,82452.0,0.08387,82452.5,7e-05,82452.99,0.01782,82453.06,0.0001,82453.22,0.04538,82454.0,0.0838
2025-03-09 18:16:24.456124,82449.61499999999,-8.490026372688376e-05,82449.61,0.00072,82449.54,0.00052,82449.14,0.00019,82449.0,7e-05,82448.05,7e-05,82448.04,0.01219,82447.34,7e-05,82445.84,7e-05,82445.83,7e-05,82445.69,7e-05,82444.32,0.00081,82444.15,7e-05,82443.09,0.01219,82443.0,0.00014,82441.43,0.003,82441.22,7e-05,82441.17,0.0052,82440.7,0.00122,82439.6,7e-05,82439.38,0.00013,82449.62,3.18065,82449.66,0.00014,82449.67,0.00014,82449.68,0.48068,82449.69,1.33833,82449.7,7e-05,82449.71,0.00034,82449.72,7e-05,82449.74,0.00014,82449.99,7e-05,82450.0,0.08387,82451.33,0.01219,82451.47,7e-05,82452.0,0.08387,82452.5,7e-05,82452.99,0.01782,82453.06,0.0001,82453.21,0.0399,82454.0,0.0838,82454.66,7e-05
2025-03-09 18:16:24.553273,82444.36499999999,-0.006367525184926577,82444.36,0.00113,82444.35,0.01735,82444.32,0.00088,82444.29,0.00051,82444.21,0.00021,82444.2,0.01226,82444.03,0.00014,82442.37,0.00014,82441.43,0.003,82441.22,0.00014,82441.17,0.0052,82440.72,7e-05,82440.7,0.00078,82439.38,0.00013,82439.26,7e-05,82439.25,0.01213,82439.11,7e-05,82438.08,7e-05,82436.72,7e-05,82436.71,0.04897,82444.37,2.93721,82445.69,0.00014,82445.7,1.21422,82445.78,7e-05,82445.83,7e-05,82445.84,0.00014,82445.85,0.148,82445.92,7e-05,82445.93,0.80098,82446.0,0.08387,82446.89,0.01782,82447.34,7e-05,82447.35,0.04015,82447.49,0.01219,82447.91,0.04015,82448.0,0.08387,82449.48,0.08995,82449.61,1.36414,82449.62,0.08081,82449.69,0.71618
2025-03-09 18:16:24.653263,82444.36499999999,0.0,82444.36,0.51974,82444.35,0.00028,82444.32,0.00081,82444.31,7e-05,82444.25,0.00014,82444.21,0.00014,82444.2,0.01219,82442.56,7e-05,82442.55,0.20587,82441.43,0.003,82441.17,0.0052,82440.72,7e-05,82440.7,0.00078,82439.63,0.01704,82439.49,7e-05,82439.25,0.01213,82435.61,0.00013,82435.26,0.00019,82435.21,7e-05,82433.68,0.00013,82444.37,3.31081,82444.75,7e-05,82444.76,7e-05,82445.69,0.7206,82445.7,0.16365,82445.85,0.00638,82445.92,7e-05,82445.93,0.80098,82446.0,0.08387,82446.89,0.03235,82447.34,7e-05,82447.49,0.01219,82448.0,0.08387,82448.2,7e-05,82449.48,0.09002,82449.61,0.17285,82449.62,0.00014,82449.69,0.45007,82449.72,7e-05,82450.0,0.0838
2025-03-09 18:16:24.753081,82444.36499999999,0.0,82444.36,1.10654,82444.35,7e-05,82444.34,0.00013,82444.32,0.00081,82444.25,0.00014,82444.24,0.00014,82444.21,0.00014,82444.2,0.01212,82444.06,8e-05,82442.57,7e-05,82442.56,0.06464,82442.55,7e-05,82442.37,7e-05,82441.43,0.003,82441.26,0.0015,82441.17,0.0052,82440.72,7e-05,82440.7,0.00078,82439.63,0.01704,82439.25,0.01213,82444.37,1.34357,82445.67,7e-05,82445.68,0.01014,82445.69,0.35517,82445.7,0.16365,82445.85,0.00611,82445.93,0.0004,82446.0,0.08387,82446.89,0.03235,82447.34,7e-05,82447.49,0.01219,82448.0,0.08387,82448.2,7e-05,82449.56,0.80055,82449.61,0.12856,82449.69,0.45,82449.99,7e-05,82450.0,0.0838,82452.0,0.0838,82452.44,0.01212
2025-03-09 18:16:24.853148,82444.36499999999,0.0,82444.36,2.21692,82444.35,7e-05,82444.34,0.00013,82444.32,0.00088,82444.31,0.01699,82444.24,0.00014,82444.21,0.00014,82444.2,0.01219,82444.06,8e-05,82442.58,7e-05,82442.57,0.0226,82442.56,0.00016,82442.37,7e-05,82441.43,0.003,82441.26,0.0015,82441.17,0.0052,82440.72,7e-05,82439.27,7e-05,82439.26,0.02403,82439.25,0.01213,82444.37,0.75477,82445.67,0.00014,82445.68,0.00028,82445.69,0.06587,82445.93,0.0004,82445.99,0.00014,82446.0,0.08394,82446.89,0.03242,82447.34,7e-05,82447.49,0.01219,82448.0,0.08387,82448.2,7e-05,82449.55,0.42554,82449.69,0.45007,82450.0,0.0838,82451.64,7e-05,82452.0,0.08387,82452.27,0.04575,82452.44,0.01212,82452.5,7e-05
2025-03-09 18:16:24.953214,82444.36499999999,0.0,82444.36,0.43699,82444.35,0.00027,82444.33,0.00014,82444.32,0.01968,82444.31,0.01706,82444.21,0.00014,82444.2,0.01219,82444.03,7e-05,82442.56,0.00016,82442.37,7e-05,82441.43,0.003,82441.26,0.0015,82441.17,0.0052,82440.72,7e-05,82439.25,0.01213,82435.61,0.00013,82435.26,0.00019,82435.02,0.0001,82433.68,0.00013,82433.62,7e-05,82444.37,1.37704,82445.67,0.00014,82445.68,0.00028,82445.69,0.06587,82445.93,0.0004,82445.99,0.00014,82446.0,0.08394,82446.89,0.03242,82447.34,7e-05,82447.49,0.01219,82448.0,0.08387,82448.2,7e-05,82449.54,0.31308,82449.69,0.45007,82450.0,0.08387,82452.0,0.08387,82452.18,0.00013,82452.27,0.04575,82452.44,0.01212,82452.5,7e-05
2025-03-09 18:16:25.053133,82444.36499999999,0.0,82444.36,0.02166,82444.35,0.0002,82444.34,7e-05,82444.33,0.00021,82444.32,0.00088,82444.21,0.00014,82444.2,0.01219,82441.43,0.003,82441.26,0.0015,82441.18,7e-05,82441.17,0.0052,82440.72,7e-05,82439.26,7e-05,82439.25,0.01213,82439.19,7e-05,82439.18,0.017,82435.61,0.00013,82435.26,0.00019,82435.02,0.0001,82433.68,0.00013,82444.37,1.37806,82445.67,0.00014,82445.68,0.00028,82445.69,0.06587,82445.93,0.0004,82445.99,0.00014,82446.0,0.08394,82446.89,0.03235,82446.94,7e-05,82446.95,0.80057,82447.34,7e-05,82447.49,0.01219,82448.0,0.08387,82448.2,7e-05,82449.53,0.27938,82449.69,0.45007,82450.0,0.08387,82452.0,0.08387,82452.18,0.00013,82452.27,0.04568
2025-03-09 18:16:25.153645,82444.36499999999,0.0,82444.36,0.67157,82444.35,0.0002,82444.33,7e-05,82444.32,0.00081,82444.21,0.00014,82444.2,0.01219,82442.37,0.00017,82441.43,0.003,82441.37,8e-05,82441.26,0.0015,82441.18,7e-05,82441.17,0.0052,82440.72,7e-05,82439.26,7e-05,82439.25,0.01213,82439.19,7e-05,82439.18,0.017,82437.56,0.00059,82435.61,0.00013,82435.26,0.00019,82444.37,0.92861,82444.38,0.00014,82445.67,0.00014,82445.68,0.00028,82445.69,0.29608,82445.93,0.0004,82445.99,7e-05,82446.0,0.08394,82446.89,0.03235,82446.95,0.80057,82447.34,7e-05,82447.49,0.01219,82448.0,0.08387,82448.2,7e-05,82449.53,0.18545,82449.69,0.45007,82450.0,0.08387,82451.09,0.04,82452.0,0.0838,82452.18,0.00013
2025-03-09 18:16:25.253032,82444.36499999999,0.0,82444.36,0.75659,82444.35,0.00034,82444.34,0.25336,82444.33,0.00021,82444.32,0.00081,82444.21,7e-05,82444.2,0.01219,82443.41,8e-05,82442.37,0.00017,82441.43,0.003,82441.26,0.0015,82441.17,0.0052,82440.72,7e-05,82439.25,0.0122,82439.18,0.01707,82437.56,0.00059,82435.61,0.00013,82435.26,0.00019,82435.02,0.0001,82434.92,0.04897,82444.37,0.9773,82444.38,0.00021,82445.67,0.00014,82445.68,0.00028,82445.69,0.29608,82445.93,0.0004,82445.99,7e-05,82446.0,0.08394,82446.89,0.03235,82446.95,0.80064,82447.34,7e-05,82447.49,0.01219,82448.0,0.08387,82448.2,7e-05,82449.53,0.18545,82449.65,0.04942,82449.69,0.45007,82450.0,0.08387,82451.09,0.04007,82452.0,0.0838
2025-03-09 18:16:25.353084,82444.36499999999,0.0,82444.36,2.0551,82444.35,0.08304,82444.34,0.25336,82444.33,0.00034,82444.32,0.00088,82444.21,7e-05,82444.2,0.01219,82443.61,0.01648,82443.41,8e-05,82442.37,0.00017,82441.43,0.003,82441.26,0.0015,82441.17,0.0052,82440.72,7e-05,82439.25,0.0122,82437.56,0.00059,82435.61,0.00013,82435.26,0.00019,82435.02,0.0001,82434.92,0.04897,82444.37,0.04298,82444.85,7e-05,82445.67,0.00014,82445.68,0.00021,82445.69,7e-05,82445.93,0.0004,82445.99,0.00014,82446.0,0.08387,82446.88,7e-05,82446.89,0.03228,82446.94,7e-05,82447.34,7e-05,82447.49,0.01219,82447.99,7e-05,82448.0,0.08387,82448.2,7e-05,82449.52,0.009,82449.53,0.18545,82449.65,0.04942,82450.0,0.0838
2025-03-09 18:16:25.453257,82444.36499999999,0.0,82444.36,2.65064,82444.35,0.08304,82444.34,0.25395,82444.33,0.0002,82444.32,0.00088,82444.21,7e-05,82444.2,0.01219,82443.61,0.01648,82443.41,8e-05,82443.2,7e-05,82442.37,0.00017,82441.26,0.0015,82441.17,0.0052,82440.72,7e-05,82439.25,0.0122,82438.26,0.04,82435.61,0.00013,82435.26,0.00019,82435.02,0.0001,82433.68,0.00013,82444.37,0.33286,82445.67,0.00014,82445.68,0.00021,82445.69,7e-05,82445.93,0.0004,82445.99,0.00014,82446.0,0.08394,82446.88,7e-05,82446.89,0.03235,82447.34,7e-05,82447.49,0.01219,82447.99,7e-05,82448.0,0.08387,82449.53,0.06515,82449.65,7e-05,82450.0,0.08387,82452.0,0.08387,82452.18,0.00013,82452.44,0.01212,82452.5,7e-05
2025-03-09 18:16:25.553145,82444.36499999999,0.0,82444.36,0.42901,82444.35,0.00014,82444.34,0.00014,82444.33,7e-05,82444.32,0.00088,82444.21,7e-05,82444.2,0.01219,82443.61,0.01648,82443.2,7e-05,82441.94,0.04293,82441.26,0.0015,82441.17,0.00507,82441.05,8e-05,82440.72,7e-05,82439.26,0.01573,82439.25,0.01213,82435.61,0.00013,82435.46,0.04,82435.26,0.00019,82435.02,0.0001,82444.37,2.03314,82444.4,0.00014,82444.5,0.00021,82445.67,0.00014,82445.68,0.00021,82445.69,7e-05,82445.93,0.00033,82445.98,7e-05,82445.99,0.06391,82446.0,0.08387,82446.89,0.03235,82447.34,7e-05,82447.49,0.01219,82448.0,0.08387,82449.53,0.06522,82450.0,0.08387,82452.0,0.08387,82452.18,0.00013,82452.44,0.01212,82452.5,7e-05
2025-03-09 18:16:25.653766,82444.36499999999,0.0,82444.36,1.11955,82444.35,0.00014,82444.34,7e-05,82444.33,7e-05,82444.32,0.00088,82444.21,0.00014,82444.2,0.01219,82443.62,0.00015,82443.61,0.01648,82443.2,7e-05,82441.95,0.00017,82441.26,0.0015,82441.17,0.00507,82440.72,7e-05,82439.26,7e-05,82439.25,0.0122,82436.22,7e-05,82436.21,0.09031,82435.98,0.04897,82435.61,0.00013,82444.37,2.25928,82444.4,0.00014,82444.5,0.00014,82444.6,7e-05,82444.61,0.80067,82445.67,7e-05,82445.68,0.00014,82445.69,7e-05,82445.93,0.00033,82445.99,0.06384,82446.0,0.08387,82446.89,0.03235,82447.34,7e-05,82447.49,0.01219,82447.52,0.08995,82448.0,0.0838,82448.2,7e-05,82448.26,7e-05,82449.53,0.06522,82450.0,0.0838
2025-03-09 18:16:25.753652,82444.36499999999,0.0,82444.36,1.8737,82444.35,0.00021,82444.34,0.00014,82444.33,0.00014,82444.32,0.00095,82444.21,0.00014,82444.2,0.01226,82443.62,0.00022,82443.61,0.01648,82443.2,7e-05,82441.26,0.0015,82441.17,0.00507,82440.72,7e-05,82439.26,7e-05,82439.25,0.0122,82438.67,7e-05,82438.66,0.06799,82436.22,0.04185,82435.98,0.04897,82435.61,0.00013,82444.37,1.16212,82444.39,0.00027,82444.4,0.00014,82444.41,0.00028,82444.5,0.00014,82444.59,0.00014,82444.6,0.33121,82444.61,7e-05,82445.93,0.00033,82446.0,0.08387,82446.89,0.03235,82447.34,7e-05,82447.49,0.01219,82448.0,0.08387,82448.2,7e-05,82449.53,0.06522,82450.0,0.08387,82451.69,0.04,82451.86,0.80053,82452.0,0.0838
2025-03-09 18:16:25.853192,82444.36499999999,0.0,82444.36,3.04206,82444.35,0.00021,82444.34,0.00014,82444.33,0.00014,82444.32,0.00095,82444.21,0.00014,82444.2,0.01226,82444.08,8e-05,82443.62,0.00022,82443.61,0.01648,82443.2,7e-05,82441.26,0.0015,82441.17,0.00507,82440.72,7e-05,82439.26,7e-05,82439.25,0.0122,82438.68,7e-05,82438.67,0.03518,82438.66,0.06792,82436.22,7e-05,82444.37,0.11845,82444.39,0.00027,82444.4,0.00014,82444.41,0.00028,82444.5,0.00014,82444.58,0.00014,82444.59,0.16326,82444.6,0.00014,82445.93,0.00033,82446.0,0.08387,82446.89,0.03235,82447.34,7e-05,82447.49,0.01219,82448.0,0.08387,82448.2,7e-05,82449.53,0.29443,82450.0,0.0838,82452.0,0.0838,82452.18,0.00013,82452.44,0.01212
2025-03-09 18:16:25.953255,82449.525,0.0062587661388422275,82449.52,4.70855,82449.51,0.00014,82448.21,0.00021,82448.2,2.19032,82448.19,0.57528,82448.15,7e-05,82448.11,7e-05,82448.09,7e-05,82447.99,0.0068,82447.48,0.0068,82447.37,0.09002,82447.33,0.16365,82446.55,0.01219,82444.58,0.0068,82444.57,0.0068,82444.53,0.00013,82444.36,0.8418,82444.32,0.00081,82443.62,8e-05,82441.6,0.01212,82449.53,0.00059,82449.54,0.00021,82449.56,0.00028,82449.79,0.00021,82449.8,0.01671,82449.82,0.00014,82449.83,0.00014,82449.84,0.01226,82449.99,0.00058,82451.99,7e-05,82452.0,0.08387,82452.18,0.00013,82452.5,7e-05,82453.2,0.00011,82453.99,7e-05,82454.0,0.08387,82454.66,0.0002,82454.79,0.01212,82455.01,0.0023,82455.31,0.00144
2025-03-09 18:16:26.053230,82449.525,0.0,82449.52,4.21713,82449.51,0.00014,82448.22,0.00021,82448.21,1.00796,82448.2,0.00014,82448.19,0.11841,82448.17,0.00014,82448.15,7e-05,82447.37,0.09002,82447.34,7e-05,82447.33,0.16365,82446.55,0.01219,82445.69,7e-05,82444.53,0.00013,82444.36,0.71711,82444.32,0.00081,82441.6,0.01219,82441.26,0.0015,82439.2,0.46474,82438.68,0.00011,82449.53,2.14445,82449.54,0.00021,82449.56,0.00028,82449.64,0.00027,82449.78,0.0007,82449.79,0.00014,82449.8,0.01664,82449.82,7e-05,82449.83,7e-05,82449.84,0.01219,82449.99,7e-05,82450.0,0.08387,82451.99,7e-05,82452.0,0.08387,82452.18,0.00013,82452.5,7e-05,82453.2,0.00011,82454.0,0.08387,82454.66,0.0002,82454.79,0.01212
2025-03-09 18:16:26.153977,82449.525,0.0,82449.52,3.31723,82449.51,0.00014,82448.23,0.00021,82448.22,0.59785,82448.21,0.00014,82448.2,7e-05,82448.19,0.11821,82448.17,0.00014,82447.37,7e-05,82447.34,7e-05,82447.33,7e-05,82446.55,0.01219,82445.69,7e-05,82444.53,0.00013,82444.36,0.4555,82444.32,0.00081,82441.6,0.01219,82441.26,0.0015,82439.21,0.19307,82439.2,0.46474,82449.53,1.39039,82449.54,0.00021,82449.56,0.00028,82449.64,0.00041,82449.78,0.0007,82449.79,0.00014,82449.8,0.01664,82449.82,7e-05,82449.83,7e-05,82449.84,0.01219,82449.98,7e-05,82449.99,0.05045,82450.0,0.08387,82452.0,0.08387,82452.18,0.00013,82453.2,0.00011,82453.99,0.05975,82454.0,0.0838,82454.66,0.0002,82454.79,0.01212
2025-03-09 18:16:26.253137,82449.525,0.0,82449.52,2.81383,82449.51,0.00014,82448.24,0.00021,82448.23,0.32027,82448.22,0.00014,82448.21,7e-05,82448.2,7e-05,82448.19,0.11828,82448.17,7e-05,82446.55,0.01219,82445.69,7e-05,82444.53,0.00013,82444.36,0.45076,82444.32,0.00081,82441.6,0.01219,82441.26,0.0015,82439.21,0.19307,82439.2,0.46467,82437.82,7e-05,82437.69,0.00013,82449.53,1.54047,82449.54,0.00021,82449.56,0.00028,82449.57,0.00028,82449.64,0.00028,82449.78,0.00063,82449.79,0.00014,82449.8,0.01664,82449.83,7e-05,82449.84,0.01219,82449.98,7e-05,82449.99,0.05052,82450.0,0.08387,82452.0,0.08387,82452.18,0.00013,82453.2,0.00011,82453.99,0.05975,82454.0,0.0838,82454.66,0.0002,82454.79,0.01212
2025-03-09 18:16:26.353247,82449.525,0.0,82449.52,1.36181,82449.51,0.00014,82448.25,0.00014,82448.24,0.00014,82448.23,0.00014,82448.22,7e-05,82448.21,7e-05,82448.2,7e-05,82448.17,7e-05,82446.56,7e-05,82446.55,0.01219,82445.69,7e-05,82444.53,0.00013,82444.36,0.00069,82444.32,0.00081,82442.17,7e-05,82442.16,0.04904,82441.66,7e-05,82441.65,0.09031,82441.6,0.01212,82449.53,2.51786,82449.54,0.00021,82449.55,0.00027,82449.56,0.00014,82449.57,0.00028,82449.58,0.00021,82449.64,7e-05,82449.78,0.00063,82449.79,7e-05,82449.8,0.01657,82449.83,7e-05,82449.84,0.01219,82449.98,7e-05,82449.99,0.05052,82450.0,0.08387,82452.0,0.08387,82452.18,0.00013,82452.5,7e-05,82452.78,0.04,82453.2,0.00018
2025-03-09 18:16:26.453120,82449.525,0.0,82449.52,1.36048,82449.51,0.00014,82448.64,0.00022,82448.25,0.00014,82448.24,0.00014,82448.23,7e-05,82448.22,7e-05,82448.17,0.00014,82446.56,7e-05,82446.55,0.01219,82445.69,7e-05,82444.53,0.00013,82444.36,0.00069,82444.32,0.00081,82442.17,7e-05,82442.16,0.04904,82441.67,7e-05,82441.66,0.1662,82441.65,0.09024,82441.6,0.01212,82449.53,1.61828,82449.54,0.00021,82449.55,0.00027,82449.56,0.00014,82449.57,0.00014,82449.58,0.00021,82449.64,7e-05,82449.78,0.00063,82449.79,7e-05,82449.8,0.01657,82449.83,7e-05,82449.84,0.01219,82449.98,7e-05,82449.99,0.05052,82450.0,0.08387,82450.42,7e-05,82450.43,0.80054,82452.0,0.0838,82452.18,0.00013,82452.5,7e-05
2025-03-09 18:16:26.553090,82449.525,0.0,82449.52,2.50889,82449.51,0.00014,82448.64,0.00022,82448.25,0.00014,82448.24,0.00014,82448.23,7e-05,82448.22,7e-05,82448.17,0.00014,82446.56,7e-05,82446.55,0.01219,82445.69,7e-05,82444.53,0.00013,82444.36,0.00069,82444.32,0.00081,82442.17,7e-05,82442.16,0.04904,82441.67,7e-05,82441.66,0.16627,82441.65,0.09031,82441.6,0.01219,82449.53,0.34681,82449.54,0.00021,82449.55,0.00014,82449.56,0.00014,82449.57,0.00014,82449.58,7e-05,82449.64,7e-05,82449.78,0.00063,82449.79,7e-05,82449.8,0.01657,82449.83,7e-05,82449.84,0.01219,82449.99,7e-05,82450.0,0.08387,82451.99,7e-05,82452.0,0.08387,82452.18,0.00013,82452.5,7e-05,82453.19,0.17594,82453.2,0.00011
2025-03-09 18:16:26.653052,82449.525,0.0,82449.52,3.13623,82449.51,0.00014,82448.64,0.00022,82448.25,0.00014,82448.24,0.00014,82448.23,7e-05,82448.22,7e-05,82448.17,0.00014,82446.56,7e-05,82446.55,0.01219,82445.69,7e-05,82444.53,0.00013,82444.36,0.00069,82444.32,0.00081,82442.17,7e-05,82442.16,0.04904,82441.67,7e-05,82441.66,0.16627,82441.65,0.09031,82441.6,0.01212,82449.53,0.08872,82449.54,0.00021,82449.55,0.00014,82449.56,0.00014,82449.57,0.00014,82449.58,7e-05,82449.62,0.00021,82449.64,7e-05,82449.78,0.00056,82449.79,7e-05,82449.8,0.01657,82449.83,7e-05,82449.84,0.01212,82449.99,0.00014,82450.0,0.08387,82451.99,7e-05,82452.0,0.0838,82452.18,0.00013,82452.5,7e-05,82453.18,0.00011
2025-03-09 18:16:26.753068,82449.995,0.0005700457340429362,82449.99,5.67341,82449.83,0.00028,82449.54,0.00021,82449.53,0.96596,82449.52,1.27864,82449.51,7e-05,82448.35,0.01226,82448.17,0.00014,82447.87,0.0459,82447.0,0.00013,82445.69,7e-05,82444.36,0.00069,82444.32,0.00081,82443.4,0.01219,82441.66,0.16627,82441.65,7e-05,82441.48,0.00013,82441.27,0.453,82441.26,0.0015,82439.6,7e-05,82450.0,0.00072,82450.04,0.00028,82450.64,0.00021,82451.63,0.00021,82451.64,0.01233,82451.98,0.00068,82451.99,0.00014,82452.0,0.08394,82452.18,0.00013,82452.4,0.01615,82452.5,7e-05,82453.18,0.00018,82453.19,0.05976,82453.96,7e-05,82454.0,0.08387,82454.66,0.0002,82455.01,0.0023,82455.11,0.21342,82455.31,0.00144,82455.56,0.09881
2025-03-09 18:16:26.853086,82451.995,0.002425712700164506,82451.99,4.58278,82451.98,0.00014,82451.97,0.00014,82451.63,0.00014,82451.62,0.00014,82451.48,7e-05,82450.63,7e-05,82450.36,0.00014,82450.35,0.01212,82450.09,7e-05,82450.08,0.50434,82450.0,2.20799,82449.99,0.56664,82449.52,0.50967,82447.88,0.01428,82447.87,0.04583,82444.36,0.00062,82444.32,0.00081,82443.28,0.0001,82441.69,0.00013,82452.0,0.08439,82452.01,0.00026,82452.11,0.00027,82452.18,0.00014,82452.39,0.00068,82452.4,0.01622,82452.5,7e-05,82453.18,0.00018,82453.63,7e-05,82453.64,0.01219,82453.98,7e-05,82453.99,0.12008,82454.0,0.08387,82455.01,0.0023,82455.11,0.21342,82455.31,0.00144,82455.56,0.09888,82456.8,0.02422,82457.5,0.00013,82457.93,0.00029
2025-03-09 18:16:26.953148,82451.995,0.0,82451.99,4.60852,82451.98,0.00014,82451.97,0.00014,82451.65,7e-05,82451.64,0.50448,82451.63,0.00014,82451.62,7e-05,82451.48,7e-05,82450.63,7e-05,82450.35,0.01219,82450.01,0.81537,82450.0,9e-05,82449.99,0.45007,82449.83,7e-05,82449.52,0.50953,82447.88,0.01435,82447.87,0.0459,82446.05,0.00013,82445.4,0.01212,82444.36,0.00062,82452.0,0.43184,82452.01,0.00026,82452.04,0.00027,82452.11,0.00027,82452.15,0.00028,82452.18,7e-05,82452.39,0.00061,82452.4,0.01622,82453.11,7e-05,82453.12,0.19385,82453.18,0.00011,82453.64,0.01219,82453.96,7e-05,82453.98,0.0001,82453.99,0.12008,82454.0,0.08387,82455.01,0.0023,82455.31,0.00144,82455.56,0.09881,82456.8,7e-05
2025-03-09 18:16:27.053110,82451.995,0.0,82451.99,4.66213,82451.98,0.00014,82451.97,0.00014,82451.66,0.00021,82451.65,0.55283,82451.64,7e-05,82451.63,7e-05,82451.62,7e-05,82450.35,0.01219,82450.0,9e-05,82449.99,0.45007,82449.83,7e-05,82449.52,0.45511,82447.88,0.01435,82447.87,0.0459,82446.05,0.00013,82445.4,0.01212,82444.36,0.0005,82444.32,0.00081,82443.28,0.0001,82452.0,0.79633,82452.01,0.00026,82452.04,0.00027,82452.08,0.00027,82452.11,0.00014,82452.15,0.00021,82452.18,7e-05,82452.39,0.00061,82452.4,0.01615,82453.1,7e-05,82453.11,0.15399,82453.12,0.19385,82453.18,0.00011,82453.64,0.01219,82453.96,7e-05,82453.98,0.0001,82454.0,0.08387,82455.01,0.0023,82455.31,0.00144,82455.56,0.09881
2025-03-09 18:16:27.155038,82451.995,0.0,82451.99,3.01353,82451.98,0.00014,82451.97,0.00014,82451.67,0.00021,82451.66,0.30629,82451.65,0.00014,82451.64,7e-05,82451.63,7e-05,82450.35,0.01219,82450.0,9e-05,82449.99,7e-05,82449.83,7e-05,82449.52,0.00511,82447.88,0.01435,82447.87,7e-05,82446.05,0.00013,82445.4,0.01212,82444.36,0.0005,82444.32,0.00081,82443.28,0.0001,82452.0,2.24003,82452.01,0.00026,82452.04,0.00027,82452.08,0.00027,82452.11,0.00014,82452.12,0.0002,82452.15,7e-05,82452.18,7e-05,82452.39,0.00054,82452.4,0.01615,82453.1,7e-05,82453.11,0.15399,82453.12,0.19385,82453.18,0.00011,82453.64,0.01219,82453.96,7e-05,82453.98,0.0001,82454.0,0.0838,82455.01,0.0023,82455.31,0.00144
2025-03-09 18:16:27.253074,82451.995,0.0,82451.99,2.70655,82451.98,0.00014,82451.97,0.00014,82451.68,0.00021,82451.67,0.09744,82451.66,7e-05,82451.65,7e-05,82451.64,7e-05,82450.35,0.01219,82450.0,9e-05,82449.83,7e-05,82449.52,0.00504,82446.05,0.00013,82445.4,0.01219,82444.36,0.0005,82444.32,0.00081,82444.24,0.04897,82443.28,0.0001,82441.69,0.00013,82441.67,7e-05,82452.0,1.27266,82452.01,0.00039,82452.04,0.00027,82452.08,0.00014,82452.11,0.00014,82452.12,0.0002,82452.15,7e-05,82452.18,7e-05,82452.39,0.00054,82452.4,0.01615,82453.1,7e-05,82453.11,0.15399,82453.12,0.19385,82453.18,0.00011,82453.64,0.01219,82453.96,7e-05,82453.98,0.0001,82454.0,0.0838,82455.01,0.0023,82455.31,0.00144
2025-03-09 18:16:27.353073,82451.995,0.0,82451.99,2.96045,82451.98,0.00014,82451.97,0.00014,82451.68,0.00014,82451.67,0.00021,82451.66,7e-05,82451.65,7e-05,82451.64,7e-05,82450.36,7e-05,82450.35,0.01219,82450.0,9e-05,82449.83,7e-05,82449.53,7e-05,82449.52,0.00504,82446.05,0.00013,82445.41,7e-05,82445.4,0.01212,82444.38,7e-05,82444.37,0.01508,82444.36,0.0005,82452.0,0.18762,82452.01,0.00039,82452.04,0.00027,82452.08,0.00014,82452.11,0.00014,82452.12,7e-05,82452.15,7e-05,82452.18,7e-05,82452.39,0.00054,82452.4,0.01615,82453.1,7e-05,82453.11,0.15399,82453.12,0.19385,82453.18,0.00011,82453.64,0.01219,82453.96,7e-05,82453.98,0.0001,82454.0,0.0838,82455.01,0.0023,82455.31,0.00144
2025-03-09 18:16:27.453249,82453.995,0.002425653860770743,82453.99,5.15288,82453.98,0.00014,82453.97,0.00014,82453.96,0.00014,82453.95,0.00014,82453.64,7e-05,82453.63,0.16372,82453.62,7e-05,82453.21,7e-05,82453.13,7e-05,82453.12,0.45007,82453.11,2.72276,82453.1,0.51829,82452.64,0.04904,82452.35,0.01212,82452.31,7e-05,82451.99,0.84391,82447.95,0.0431,82446.83,0.00013,82446.05,0.00013,82454.0,0.00066,82454.01,0.00024,82454.78,0.00021,82455.0,0.00021,82455.01,0.00244,82455.31,0.00151,82455.55,0.00069,82455.56,7e-05,82455.61,7e-05,82455.64,0.01219,82455.81,7e-05,82455.82,0.01574,82456.79,9e-05,82457.5,0.00013,82457.93,0.00029,82457.99,7e-05,82458.0,0.0838,82458.42,0.00013,82458.85,0.0003,82459.0,7e-05
2025-03-09 18:16:27.556074,82458.41500000001,0.005360565003566906,82458.41,2.55274,82458.09,7e-05,82458.03,0.80061,82458.02,7e-05,82458.0,6.55134,82457.99,7e-05,82457.45,0.35982,82457.14,7e-05,82457.03,7e-05,82457.02,7e-05,82456.78,0.0068,82455.81,0.00687,82455.8,0.45007,82455.62,7e-05,82455.6,0.0068,82455.55,0.0068,82455.54,0.05,82455.3,0.0068,82455.29,0.46467,82455.0,0.51733,82458.42,0.0004,82458.43,0.00022,82458.46,0.00014,82458.99,7e-05,82459.98,0.00102,82461.1,7e-05,82461.56,0.01842,82461.62,0.00013,82462.48,0.00144,82462.65,7e-05,82462.9,0.00013,82463.16,7e-05,82463.89,7e-05,82463.99,7e-05,82464.0,0.0838,82464.65,0.0009,82465.3,0.00013,82465.4,7e-05,82465.42,0.01013,82465.88,0.02007
2025-03-09 18:16:27.653282,82458.445,3.63819750826351e-05,82458.44,3.18414,82458.43,0.00028,82458.42,3.8111,82458.41,1.20945,82458.09,0.00014,82458.04,7e-05,82458.02,7e-05,82458.01,7e-05,82457.45,0.35989,82456.79,7e-05,82455.62,7e-05,82455.29,0.46474,82455.07,0.0431,82455.0,0.00013,82453.99,0.00014,82453.4,0.09002,82453.1,0.00081,82452.01,0.06086,82452.0,0.2171,82451.99,0.50604,82458.45,0.00103,82458.46,0.00028,82458.53,0.00028,82458.99,0.00014,82459.97,0.00022,82460.53,7e-05,82461.09,0.00027,82461.55,0.00014,82461.56,0.01842,82462.24,7e-05,82462.48,0.00144,82462.9,0.00013,82463.99,7e-05,82464.0,0.08387,82464.72,7e-05,82464.73,0.2152,82465.3,0.00013,82465.4,7e-05,82465.87,0.04244,82466.23,0.00013
2025-03-09 18:16:27.753322,82460.525,0.0025224826880826993,82460.52,2.89026,82460.26,0.00028,82460.25,0.00035,82459.96,0.00694,82459.95,7e-05,82459.75,0.80066,82459.74,3.77662,82459.21,7e-05,82458.99,0.00014,82458.98,0.00651,82458.96,0.00059,82458.44,0.11654,82458.41,0.24336,82457.45,0.35989,82457.34,0.01212,82457.28,7e-05,82455.63,0.00013,82455.29,0.46467,82455.08,0.04018,82455.07,0.04303,82460.53,0.00066,82460.54,0.00011,82460.58,0.00021,82460.62,7e-05,82460.63,0.01233,82461.08,0.00042,82461.09,0.00014,82461.55,0.00021,82461.56,0.00014,82461.99,0.00014,82462.0,7e-05,82462.48,0.00144,82462.89,0.0002,82462.9,0.00013,82463.89,7e-05,82463.99,7e-05,82464.0,0.08387,82464.72,7e-05,82464.73,0.2152,82465.3,0.00013
2025-03-09 18:16:27.853316,82461.405,0.0010671772948385384,82461.4,3.5609,82461.07,0.57462,82460.78,1.12225,82460.77,1.12232,82460.62,0.4123,82460.53,3.10228,82460.52,1.30289,82460.26,0.00014,82460.25,0.00014,82459.97,7e-05,82459.96,7e-05,82459.76,7e-05,82459.75,0.80059,82459.74,7e-05,82458.98,0.00651,82458.93,7e-05,82458.44,0.00014,82458.27,0.04447,82457.45,0.35989,82457.34,0.01219,82461.41,0.00059,82461.54,7e-05,82462.47,7e-05,82462.48,0.00158,82462.89,0.00014,82462.9,0.00027,82463.89,0.00021,82463.99,0.00014,82464.0,0.00014,82465.3,0.0002,82465.4,7e-05,82465.58,0.01212,82465.99,7e-05,82466.0,7e-05,82466.05,0.01834,82466.66,0.00015,82467.73,0.00019,82468.25,0.00015,82468.26,0.00013,82468.81,0.00013
2025-03-09 18:16:27.953265,82471.995,0.012842371531259389,82471.99,2.87389,82470.01,7e-05,82470.0,0.47638,82468.0,0.08387,82466.66,0.99455,82466.65,0.77818,82466.29,0.16365,82466.0,0.08387,82465.02,0.46474,82465.01,0.01219,82465.0,0.00013,82462.46,0.17045,82462.16,0.05007,82462.08,0.35989,82461.53,0.0068,82461.41,3.06701,82461.4,0.21136,82460.8,0.08507,82460.52,0.65005,82459.8,0.0001,82472.0,0.05724,82472.01,0.00026,82472.04,0.00013,82472.93,0.00013,82473.41,0.00107,82473.42,0.38723,82473.62,0.00013,82473.74,0.01007,82474.0,0.08394,82474.38,0.00024,82474.56,0.01745,82475.14,7e-05,82476.58,0.0003,82476.65,0.04942,82476.74,0.003,82476.84,0.00144,82477.19,0.00013,82477.23,0.0001,82477.75,0.6098,82477.99,0.12007
2025-03-09 18:16:28.053315,82471.995,0.0,82471.99,3.24144,82470.02,0.00014,82470.01,0.14305,82470.0,0.08394,82468.0,0.08394,82466.67,0.56825,82466.65,0.77818,82466.29,0.16365,82466.0,0.08387,82465.03,0.00013,82465.02,0.46474,82465.01,0.01219,82462.46,0.16365,82462.16,0.05007,82462.08,0.35989,82461.69,0.00013,82461.42,0.95939,82461.4,0.09083,82460.8,0.08514,82460.52,0.45,82472.0,0.31542,82472.01,0.00033,82472.04,0.00013,82472.09,0.00013,82473.05,7e-05,82473.06,0.23668,82473.41,0.00107,82473.42,0.04996,82473.62,0.00013,82474.0,0.08394,82474.38,0.00024,82474.56,0.01752,82475.14,7e-05,82476.58,0.0003,82476.74,0.003,82476.84,0.00144,82477.19,0.00013,82477.23,0.0001,82477.74,0.2009,82478.3,7e-05
2025-03-09 18:16:28.154984,82471.995,0.0,82471.99,3.4062,82470.03,0.00021,82470.02,0.06831,82470.01,0.00021,82470.0,0.08401,82468.32,0.04336,82468.0,0.08394,82466.68,0.44036,82466.65,0.61432,82466.29,7e-05,82466.0,0.08387,82465.03,0.00013,82465.02,0.46474,82465.01,0.01219,82462.46,7e-05,82462.16,0.05007,82462.09,0.42144,82462.08,0.35989,82461.69,0.00013,82461.4,0.08992,82472.0,0.00169,82472.01,0.0004,82472.04,0.00027,82472.09,0.00027,82472.13,0.00028,82472.17,7e-05,82473.05,0.00014,82473.06,0.00014,82473.41,7e-05,82473.62,0.00013,82474.0,0.08387,82474.38,0.00024,82474.56,0.01752,82475.14,7e-05,82476.0,0.0838,82476.58,0.0003,82476.74,0.003,82476.84,0.00144,82477.19,0.00013,82477.23,0.0001
2025-03-09 18:16:28.253193,82475.995,0.004850131247582892,82475.99,4.51715,82474.01,7e-05,82474.0,1.23603,82473.99,0.56902,82472.0,1.15868,82471.99,0.982,82470.0,0.08387,82468.32,0.04329,82468.0,0.08387,82466.69,0.30369,82466.65,0.04975,82466.0,0.08387,82465.69,0.00013,82465.02,0.46474,82463.13,0.01007,82462.16,0.05007,82462.1,0.36253,82462.08,0.35989,82461.69,0.00013,82461.4,0.08992,82476.0,0.34208,82476.01,0.0001,82476.1,0.00013,82476.73,0.00082,82476.74,0.00314,82476.84,0.00151,82477.73,0.00036,82477.99,7e-05,82478.0,0.08387,82478.09,0.01708,82478.3,7e-05,82481.31,0.00013,82481.89,0.00025,82481.9,0.02761,82482.6,7e-05,82483.04,0.00027,82483.07,0.00011,82483.08,0.04935,82483.43,0.00013,82484.0,0.0001
2025-03-09 18:16:28.353268,82475.995,0.0,82475.99,5.02497,82474.02,7e-05,82474.01,0.37088,82474.0,0.08387,82473.99,0.56902,82472.01,0.66744,82472.0,0.08399,82471.99,0.81717,82470.0,0.08387,82468.32,0.04329,82468.0,0.08387,82466.89,0.00077,82466.7,0.27072,82466.65,0.04975,82466.0,0.08387,82465.69,0.00013,82465.02,0.46474,82463.13,0.01007,82462.16,0.05007,82462.1,0.36246,82476.0,0.08437,82476.01,0.00024,82476.04,0.00014,82476.1,0.0002,82476.11,0.00014,82476.73,0.00089,82476.74,0.00307,82476.84,0.00151,82477.73,0.00043,82477.98,7e-05,82477.99,0.03045,82478.0,0.08387,82478.09,0.01708,82478.3,7e-05,82481.31,0.00013,82481.89,0.00025,82481.9,0.02754,82482.6,7e-05,82483.04,0.00027,82483.07,0.00011
2025-03-09 18:16:28.453081,82475.995,0.0,82475.99,5.50019,82474.35,0.01219,82474.02,7e-05,82474.01,0.37088,82474.0,0.08387,82473.99,0.56902,82472.01,0.66744,82472.0,0.08399,82471.99,0.4551,82470.0,0.08394,82469.4,0.01219,82468.32,0.04329,82468.0,0.08387,82467.74,0.003,82466.89,0.00077,82466.7,0.27072,82466.65,0.04975,82466.0,0.08387,82465.69,0.00013,82465.02,0.46467,82476.0,0.00066,82476.01,0.00017,82476.04,0.00021,82476.1,7e-05,82476.11,0.00014,82476.72,0.00021,82476.73,0.00075,82476.83,7e-05,82476.84,0.00144,82477.14,7e-05,82477.64,0.00421,82477.97,7e-05,82477.99,0.03045,82478.0,0.08387,82478.09,0.01715,82478.3,7e-05,82481.31,0.00013,82481.89,0.00025,82481.9,0.02761,82482.59,0.01212
2025-03-09 18:16:28.553254,82477.995,0.0024249480106302446,82477.99,5.02954,82477.98,0.00014,82476.83,0.00014,82476.1,0.00014,82476.09,0.00014,82476.01,0.00014,82476.0,1.8127,82475.99,1.69498,82474.02,0.00013,82474.0,0.08387,82473.99,0.11902,82473.82,0.04817,82472.02,0.39087,82472.0,0.08387,82471.99,0.45007,82471.0,0.09002,82470.0,0.08387,82468.32,0.04329,82468.06,0.0001,82468.0,0.0838,82478.0,0.00072,82478.01,0.00024,82478.05,0.00014,82478.08,0.0009,82478.09,0.00014,82478.16,0.00027,82478.3,7e-05,82479.99,0.0003,82480.0,7e-05,82481.89,0.00025,82481.99,7e-05,82482.0,7e-05,82482.34,0.01698,82482.6,7e-05,82483.07,0.00011,82483.43,0.00013,82484.0,0.0001,82484.01,0.00144,82484.17,0.00015,82484.23,0.00013
2025-03-09 18:16:28.653974,82481.89499999999,0.004728533956231816,82481.89,4.37536,82481.88,2.16122,82481.77,0.00014,82481.76,0.35996,82480.55,0.80039,82480.54,0.50007,82480.44,0.00014,82480.0,0.08387,82479.99,0.0068,82479.98,0.05687,82479.27,0.03429,82478.94,7e-05,82478.79,0.08992,82478.07,7e-05,82478.0,0.54854,82477.99,0.37971,82476.01,0.8047,82476.0,0.0838,82475.99,0.05396,82474.9,0.00015,82481.9,0.00062,82482.0,0.00027,82482.11,0.00014,82482.32,0.00021,82482.33,0.00139,82482.34,7e-05,82482.6,7e-05,82482.94,0.00014,82483.42,0.00022,82483.43,0.00013,82484.0,0.0001,82484.01,0.00144,82484.17,0.00015,82484.23,0.00013,82484.24,7e-05,82484.25,0.003,82484.35,0.00013,82485.2,0.00034,82485.42,7e-05,82485.48,0.00018
2025-03-09 18:16:28.753338,82488.205,0.0076501637116996694,82488.2,5.20343,82488.01,0.00014,82488.0,0.08394,82486.91,7e-05,82486.9,1.4304,82486.89,1.45285,82486.77,0.00081,82486.0,0.08387,82485.25,0.01219,82485.21,0.00014,82484.0,0.08387,82482.0,0.08387,82481.99,0.0068,82481.98,0.0068,82481.9,1.70245,82481.89,0.12143,82481.88,0.00014,82481.76,0.35989,82481.61,0.01219,82481.0,0.06791,82488.21,0.00065,82488.24,7e-05,82488.26,0.00013,82488.73,7e-05,82489.05,0.00121,82489.56,0.00014,82489.84,7e-05,82489.85,0.00197,82489.99,7e-05,82490.0,7e-05,82490.39,7e-05,82491.19,0.00144,82491.2,7e-05,82492.0,0.0001,82492.04,7e-05,82492.14,0.00014,82492.17,7e-05,82492.18,0.01659,82492.19,0.00021,82492.5,0.003
2025-03-09 18:16:28.853898,82493.995,0.0070191853489763745,82493.99,4.60094,82493.98,0.00014,82493.66,0.00021,82493.65,2.26024,82493.64,1.30023,82492.0,0.08403,82489.85,7e-05,82489.84,0.11828,82489.55,0.45007,82488.21,2.11712,82488.2,0.12169,82488.0,0.08387,82487.94,0.00013,82486.89,0.20266,82486.77,0.00081,82486.0,0.08387,82484.0,0.08387,82483.34,0.00013,82482.0,0.08387,82481.9,0.11162,82494.0,0.08439,82494.79,0.00102,82495.07,0.00027,82495.5,0.00021,82495.52,0.00038,82495.53,0.00041,82495.92,0.00104,82496.0,0.00017,82496.79,0.00015,82496.95,0.00036,82497.01,7e-05,82497.03,7e-05,82497.04,0.01621,82497.67,7e-05,82498.17,7e-05,82498.18,0.16316,82498.37,0.00144,82499.64,0.00029,82499.8,7e-05,82499.82,0.05035
2025-03-09 18:16:28.953193,82493.995,0.0,82493.99,4.93482,82493.67,0.00021,82493.66,1.08767,82493.65,0.00014,82493.64,1.30023,82492.88,0.00014,82492.35,0.01226,82492.0,0.08403,82489.84,0.11821,82489.55,0.45007,82488.22,0.68581,82488.2,0.00504,82488.0,0.08387,82487.94,0.00013,82487.4,0.01219,82486.77,0.00081,82486.0,0.08387,82484.58,0.0001,82484.0,0.0838,82483.34,0.00013,82494.0,0.00072,82494.05,0.00014,82494.15,0.00027,82494.79,0.00102,82495.07,0.00027,82495.5,0.00021,82495.52,0.00023,82495.53,0.00041,82495.64,7e-05,82495.92,0.00097,82495.99,7e-05,82496.0,0.08397,82496.79,0.00015,82496.95,0.00029,82497.04,0.01621,82497.67,7e-05,82497.99,7e-05,82498.0,0.08387,82498.18,0.01955,82498.37,0.00144
2025-03-09 18:16:29.053350,82495.995,0.0024244188925509062,82495.99,4.85556,82494.36,0.00014,82494.35,0.01226,82494.01,0.00014,82494.0,1.60149,82493.99,0.62089,82493.67,7e-05,82493.66,7e-05,82493.64,0.84987,82492.88,7e-05,82492.0,0.08396,82491.84,0.04328,82489.85,0.17055,82489.84,0.11821,82489.55,0.45007,82489.4,0.01219,82488.23,0.26007,82488.0,0.08387,82487.94,0.00013,82486.0,0.0838,82496.0,0.17251,82496.01,0.00018,82496.1,0.0002,82496.79,0.00022,82496.93,0.20217,82496.94,0.00111,82496.95,7e-05,82497.01,7e-05,82497.03,7e-05,82497.99,0.09882,82498.0,0.08387,82498.37,0.00144,82498.78,7e-05,82498.79,7e-05,82499.64,0.00029,82499.79,0.00011,82499.8,7e-05,82499.81,0.00012,82499.82,0.001,82500.0,0.0839
2025-03-09 18:16:29.154315,82495.995,0.0,82495.99,2.07443,82495.96,0.00027,82494.36,0.00021,82494.35,0.01233,82494.02,0.00021,82494.01,0.5687,82494.0,0.08387,82493.99,0.00516,82493.64,0.04975,82492.88,7e-05,82492.0,0.08396,82491.84,0.04321,82490.66,7e-05,82489.85,0.17055,82489.84,0.11821,82489.55,0.45007,82489.4,0.01219,82488.24,0.12847,82488.0,0.0838,82487.94,0.00013,82496.0,1.98144,82496.01,0.00025,82496.04,0.00014,82496.1,0.00027,82496.79,0.00029,82496.91,0.00021,82496.92,0.14811,82496.93,0.20224,82496.94,7e-05,82498.0,0.08387,82498.37,0.00144,82499.64,0.00029,82499.79,0.00011,82499.8,7e-05,82499.81,0.00012,82499.82,0.001,82500.0,0.08397,82500.32,0.00013,82500.45,7e-05,82500.97,0.01616
2025-03-09 18:16:29.253309,82495.995,0.0,82495.99,2.54727,82495.96,0.00027,82494.36,0.00021,82494.35,0.01233,82494.02,0.00021,82494.01,0.0403,82494.0,0.08394,82493.99,0.00509,82493.64,0.04975,82492.88,7e-05,82492.0,0.08396,82491.84,0.04328,82491.02,0.04904,82489.85,0.17055,82489.84,0.11821,82489.55,0.45007,82489.4,0.01219,82489.18,0.00059,82488.25,0.0889,82488.0,0.0838,82496.0,1.34819,82496.01,0.00025,82496.04,0.00042,82496.1,0.00014,82496.79,0.00029,82496.91,0.00014,82496.92,0.33967,82496.93,0.20224,82498.0,0.08387,82498.06,0.80015,82498.37,0.00144,82498.99,0.02431,82499.64,0.00029,82499.79,0.00011,82499.8,7e-05,82499.81,0.00012,82499.82,0.001,82500.0,0.0839,82500.32,0.00013,82500.45,7e-05
2025-03-09 18:16:29.353159,82495.995,0.0,82495.99,2.81707,82495.96,0.00014,82494.36,0.00021,82494.35,0.01233,82494.02,0.00021,82494.01,0.01666,82494.0,0.08394,82493.99,0.00509,82493.64,0.04975,82492.88,7e-05,82492.0,0.08396,82491.02,0.04904,82490.61,7e-05,82490.6,0.80022,82489.85,0.17055,82489.84,0.11821,82489.55,0.45007,82489.4,0.01219,82489.18,0.00059,82488.25,0.2793,82496.0,0.17237,82496.01,0.00025,82496.04,0.00042,82496.1,0.00014,82496.79,0.00029,82496.91,0.00014,82496.92,0.00109,82496.93,0.20224,82498.0,0.08387,82498.37,0.00144,82499.64,0.00029,82499.79,0.00011,82499.8,7e-05,82499.81,0.00012,82499.82,0.001,82500.0,0.0839,82500.32,0.00013,82500.45,7e-05,82500.81,7e-05,82500.97,0.01616
2025-03-09 18:16:29.454231,82495.995,0.0,82495.99,0.12681,82495.96,0.00014,82495.37,0.00014,82494.36,0.00021,82494.35,0.01226,82494.02,7e-05,82494.01,7e-05,82494.0,0.00014,82493.99,0.00502,82493.71,7e-05,82493.7,7e-05,82493.65,7e-05,82493.64,0.04975,82492.88,7e-05,82492.01,7e-05,82492.0,0.00016,82491.02,0.04897,82490.61,7e-05,82490.0,0.0838,82489.84,0.11814,82496.0,1.91216,82496.01,0.00025,82496.04,0.00028,82496.1,7e-05,82496.76,7e-05,82496.77,0.01623,82496.79,0.00022,82496.91,0.00014,82496.92,0.118,82496.93,0.20217,82498.0,0.08387,82498.14,0.80008,82498.37,0.00144,82499.64,0.00029,82499.79,0.00011,82499.8,7e-05,82499.81,0.00012,82499.82,0.001,82500.0,0.0839,82500.32,0.00013
2025-03-09 18:16:29.553664,82495.995,0.0,82495.99,0.05025,82495.96,0.00014,82495.37,0.00021,82494.36,0.00021,82494.35,0.01233,82494.02,7e-05,82494.01,7e-05,82494.0,0.00014,82493.99,0.00502,82493.71,7e-05,82493.65,0.00025,82493.64,0.04975,82492.88,7e-05,82492.01,0.00029,82492.0,0.08396,82491.03,0.00026,82490.01,0.0003,82490.0,0.08387,82489.84,0.11821,82489.4,0.01212,82496.0,2.52447,82496.01,0.00025,82496.04,0.00028,82496.1,0.00014,82496.76,0.00029,82496.77,0.0163,82496.79,0.00022,82496.91,0.00014,82496.92,0.33845,82496.93,0.20217,82498.0,0.08387,82498.14,0.80015,82498.37,0.00144,82498.54,0.04007,82499.64,0.00029,82499.79,0.00011,82499.8,7e-05,82499.81,0.00012,82499.82,0.001,82499.92,0.02424
2025-03-09 18:16:29.653182,82495.995,0.0,82495.99,0.05046,82495.96,0.00014,82495.88,0.00027,82495.37,0.00021,82494.6,0.00014,82494.59,0.00128,82494.36,0.00014,82494.35,0.01226,82494.0,7e-05,82493.99,0.00502,82493.71,7e-05,82493.65,0.00025,82493.64,0.04975,82492.88,7e-05,82492.01,0.00029,82492.0,0.08396,82490.01,0.0003,82490.0,0.0838,82489.85,0.00018,82489.84,0.11814,82496.0,2.57382,82496.01,0.00025,82496.03,0.00028,82496.04,0.00014,82496.1,0.00014,82496.76,0.00022,82496.77,0.0163,82496.79,0.00022,82496.91,7e-05,82496.92,0.33845,82496.93,0.20217,82498.0,0.08387,82498.14,0.80015,82498.37,0.00144,82498.54,0.04,82499.64,0.00029,82499.79,0.00011,82499.8,7e-05,82499.81,0.00012,82499.82,0.001
2025-03-09 18:16:29.753182,82492.005,-0.004836598431221645,82492.0,0.00047,82491.85,0.00021,82491.23,0.00014,82491.2,0.00014,82491.19,0.01723,82490.38,0.00014,82490.37,0.01226,82490.01,0.00037,82489.85,0.00018,82488.01,7e-05,82488.0,0.08387,82487.94,0.00013,82486.45,0.00059,82485.69,0.00013,82485.41,0.01219,82484.02,7e-05,82484.01,0.09013,82484.0,0.0838,82483.34,0.00013,82482.6,7e-05,82492.01,3.8373,82492.02,2.16125,82492.88,7e-05,82492.89,0.00022,82493.42,0.80026,82493.43,7e-05,82493.53,7e-05,82493.63,0.04014,82493.66,0.00239,82494.0,0.08387,82494.01,0.04015,82494.61,0.04015,82495.38,0.04015,82495.5,7e-05,82495.97,0.07757,82495.99,0.00017,82496.0,0.78315,82496.03,0.00014,82496.54,0.16,82496.93,0.2021
2025-03-09 18:16:29.853311,82488.005,-0.004848954756282138,82488.0,0.82012,82487.99,0.00034,82487.94,0.00028,82486.46,0.00041,82486.45,0.00014,82486.35,0.00014,82486.34,0.01673,82486.26,7e-05,82486.01,7e-05,82486.0,0.08387,82485.41,0.01219,82484.32,0.0015,82484.02,0.00021,82484.01,0.06542,82484.0,0.08387,82482.0,0.08387,82481.41,0.01219,82481.19,0.00059,82480.56,0.0912,82480.0,0.0838,82488.01,2.37506,82489.85,0.00014,82489.99,0.00021,82490.0,0.08443,82490.23,0.00014,82490.24,0.04007,82491.99,7e-05,82492.0,1.81348,82492.01,0.68119,82492.02,0.02144,82492.04,0.00014,82493.66,0.00239,82494.0,0.0838,82495.5,7e-05,82495.96,0.27281,82495.97,0.0775,82495.99,0.00017,82496.0,0.6557,82496.54,0.16,82496.93,0.2021
2025-03-09 18:16:29.953289,82488.005,0.0,82488.0,2.44316,82487.99,0.00034,82487.94,0.00021,82487.2,0.00015,82486.46,0.00041,82486.45,7e-05,82486.35,0.00014,82486.34,0.01673,82486.26,7e-05,82486.02,7e-05,82486.01,0.02889,82486.0,0.08387,82485.41,0.01219,82484.32,0.0015,82484.02,0.00014,82484.01,0.06542,82484.0,0.08387,82482.0,0.08387,82481.41,0.01212,82481.19,0.00059,82488.01,0.58773,82488.09,0.00021,82488.37,0.00014,82488.38,0.20033,82489.64,7e-05,82489.65,0.00655,82489.85,7e-05,82489.99,7e-05,82490.0,0.08436,82490.24,0.04007,82491.2,7e-05,82491.99,0.56495,82492.0,0.08387,82492.01,0.14007,82492.02,0.02131,82492.04,0.00014,82493.66,0.01212,82494.0,0.0838,82495.5,7e-05,82495.95,0.00019
2025-03-09 18:16:30.053165,82488.005,0.0,82488.0,2.44354,82487.99,0.00034,82487.94,7e-05,82487.2,0.00015,82486.46,0.00041,82486.45,7e-05,82486.35,0.00014,82486.34,0.01673,82486.26,7e-05,82486.02,7e-05,82486.01,0.02896,82486.0,0.08387,82485.41,0.01219,82484.32,0.0015,82484.02,0.00014,82484.01,0.06542,82484.0,0.08387,82482.93,0.80022,82482.0,0.08387,82481.41,0.01212,82488.01,0.17085,82488.03,0.00014,82488.05,0.00028,82488.09,0.00028,82488.36,0.00021,82488.37,0.29472,82488.38,0.20033,82489.65,0.00655,82490.0,0.08387,82490.24,0.04007,82491.2,7e-05,82492.0,0.08387,82492.01,0.14007,82492.02,0.02131,82492.15,8e-05,82493.66,0.01219,82494.0,0.0838,82495.5,7e-05,82495.81,7e-05,82495.95,0.00019
2025-03-09 18:16:30.153303,82488.005,0.0,82488.0,2.49202,82487.99,0.00034,82487.94,0.00014,82487.2,0.00015,82486.46,0.00041,82486.45,7e-05,82486.35,0.00014,82486.34,0.01673,82486.26,7e-05,82486.02,7e-05,82486.01,0.02896,82486.0,0.08387,82485.41,0.01219,82484.32,0.0015,82484.02,0.00021,82484.01,0.28608,82484.0,0.08387,82482.93,0.80029,82482.0,0.0838,82481.41,0.01212,82488.01,0.35113,82488.03,0.00014,82488.05,0.00028,82488.09,0.00014,82488.35,0.00014,82488.36,0.00014,82488.37,0.00055,82488.38,0.2004,82489.65,0.00655,82490.0,0.08387,82490.24,0.04007,82491.2,7e-05,82492.0,0.08387,82492.01,0.14007,82492.02,0.02131,82493.66,0.01219,82494.0,0.0838,82495.0,0.80011,82495.07,0.00013,82495.5,7e-05
2025-03-09 18:16:30.253084,82488.005,0.0,82488.0,2.49285,82487.99,0.00034,82487.94,0.00014,82487.2,0.00015,82486.46,0.00041,82486.45,7e-05,82486.35,0.00014,82486.34,0.01673,82486.26,7e-05,82486.02,7e-05,82486.01,0.02896,82486.0,0.08387,82485.41,0.01219,82484.32,0.0015,82484.02,0.00021,82484.01,0.28608,82484.0,0.08387,82482.93,0.80029,82482.0,0.0838,82481.41,0.01212,82488.01,0.35099,82488.03,0.00014,82488.05,0.00014,82488.1,0.00013,82488.35,7e-05,82488.36,0.00014,82488.37,0.00055,82488.38,0.20033,82489.65,0.00655,82490.0,0.0838,82490.24,7e-05,82491.2,7e-05,82492.0,0.08387,82492.01,0.14007,82492.02,0.02131,82493.66,0.01219,82494.0,0.0838,82494.99,0.47118,82495.0,0.80011,82495.07,0.00013
2025-03-09 18:16:30.353117,82489.995,0.002412471970913452,82489.99,3.80093,82489.64,0.00019,82489.63,1.68754,82488.73,0.00016,82488.37,0.0068,82488.0,0.8353,82487.99,0.01219,82486.34,0.01673,82486.0,0.08387,82484.32,0.0015,82484.02,0.00014,82484.01,0.28608,82484.0,0.08387,82483.4,0.01212,82482.0,0.08387,82481.41,7e-05,82481.29,0.09002,82481.19,0.00059,82480.59,0.00059,82480.56,0.09113,82490.0,0.0841,82491.19,0.00041,82491.98,7e-05,82491.99,0.07372,82492.0,0.08387,82492.02,0.02131,82493.63,7e-05,82493.7,7e-05,82494.0,0.08387,82494.98,7e-05,82494.99,0.47125,82495.07,0.00013,82495.5,7e-05,82495.97,0.07757,82496.0,0.08259,82496.23,0.01219,82497.63,0.00023,82497.99,0.07052,82498.0,0.0838,82498.25,0.45
2025-03-09 18:16:30.453219,82489.995,0.0,82489.99,0.00331,82489.97,0.00059,82489.65,7e-05,82489.64,0.00012,82489.63,0.00013,82489.57,7e-05,82488.73,0.00016,82488.0,0.08535,82487.99,0.01219,82486.34,0.01673,82486.0,0.08387,82484.32,0.0015,82484.02,0.00014,82484.01,0.06542,82484.0,0.08387,82483.4,0.01219,82482.0,0.08387,82481.74,0.45,82481.19,0.00059,82480.59,0.00059,82490.0,2.77129,82490.04,0.00013,82490.1,0.00013,82491.19,0.00041,82491.22,7e-05,82491.64,0.00483,82491.97,7e-05,82491.98,0.05376,82491.99,7e-05,82492.0,0.08387,82492.02,0.02131,82493.63,7e-05,82494.0,0.08387,82494.52,0.04007,82494.99,0.0519,82495.07,0.00013,82495.5,7e-05,82495.97,0.07757,82496.0,0.08259,82496.23,0.01212
2025-03-09 18:16:30.553284,82489.995,0.0,82489.99,0.00103,82489.98,0.0001,82489.83,0.00013,82489.57,7e-05,82488.73,0.00016,82488.01,0.00027,82488.0,0.00155,82487.99,0.01219,82487.91,7e-05,82486.35,0.0002,82486.34,0.01673,82484.32,0.0015,82484.02,0.00014,82484.01,0.00021,82483.4,0.01219,82482.01,7e-05,82482.0,0.08387,82481.72,0.04897,82481.19,0.00059,82480.59,0.00059,82490.0,2.96503,82490.04,0.0002,82490.1,0.00013,82491.19,0.00041,82491.2,7e-05,82491.22,7e-05,82491.63,7e-05,82491.64,0.00483,82491.82,7e-05,82491.83,0.80021,82491.98,0.03167,82492.0,0.08387,82492.02,0.02131,82493.63,7e-05,82493.99,0.08907,82494.0,0.08387,82494.52,0.04007,82495.07,0.00013,82495.14,0.08995,82495.5,7e-05
2025-03-09 18:16:30.653352,82489.995,0.0,82489.99,0.00131,82489.83,0.00013,82489.57,7e-05,82488.73,0.00016,82488.02,0.0002,82488.0,0.00019,82487.99,0.01219,82487.91,7e-05,82486.35,0.0002,82486.34,0.01673,82484.32,0.0015,82484.01,7e-05,82484.0,0.08387,82483.96,7e-05,82483.95,0.22238,82483.4,0.01219,82482.0,0.08387,82481.19,0.00059,82480.01,0.08767,82480.0,0.0838,82490.0,3.61895,82490.02,0.0002,82490.04,7e-05,82490.1,7e-05,82491.19,0.00048,82491.2,7e-05,82491.22,7e-05,82491.63,7e-05,82491.64,0.00483,82491.68,7e-05,82491.69,0.02431,82491.81,7e-05,82491.82,0.27178,82491.83,0.80021,82492.0,0.08387,82492.02,0.02131,82492.32,0.02007,82493.63,7e-05,82493.99,0.08907,82494.0,0.0838
2025-03-09 18:16:30.753146,82484.005,-0.007261486680888617,82484.0,1.9198,82483.99,0.00024,82483.97,7e-05,82483.96,0.09587,82483.95,0.22238,82483.94,8e-05,82483.91,0.00013,82483.4,0.01219,82483.18,0.00059,82482.95,7e-05,82482.83,0.01588,82482.0,0.08387,82480.01,0.08767,82480.0,0.08387,82479.5,0.00016,82479.49,0.003,82479.22,0.00013,82478.88,0.10839,82478.3,7e-05,82478.14,0.04897,82484.01,0.01824,82485.64,0.00014,82485.65,0.00998,82485.99,0.00014,82486.0,0.0842,82487.99,7e-05,82488.0,0.08387,82489.98,7e-05,82489.99,1.33716,82490.0,0.26867,82490.02,0.00013,82491.19,0.0015,82491.2,7e-05,82491.64,0.01219,82491.69,0.02431,82491.81,0.00018,82492.0,0.08387,82492.32,0.02007,82493.75,0.0001,82493.99,0.13023
2025-03-09 18:16:30.853209,82484.005,0.0,82484.0,1.92199,82483.99,0.00024,82483.98,0.00059,82483.97,7e-05,82483.96,0.09587,82483.95,0.22238,82483.94,8e-05,82483.91,0.00013,82483.4,0.01219,82482.95,7e-05,82482.83,0.01588,82482.49,0.06798,82482.12,7e-05,82482.0,0.08387,82481.54,0.80031,82480.01,0.08767,82480.0,0.0838,82479.5,0.00016,82479.49,0.003,82479.22,0.00013,82484.01,0.02924,82484.04,0.00014,82484.11,0.00014,82484.35,0.00058,82484.59,7e-05,82485.64,0.00014,82485.65,0.00991,82486.0,0.00019,82486.25,7e-05,82487.99,7e-05,82488.0,0.08387,82489.97,7e-05,82489.98,0.52452,82490.0,0.18298,82491.19,0.0015,82491.2,7e-05,82491.64,0.01219,82491.69,0.02431,82491.81,0.00018,82492.0,0.0838
2025-03-09 18:16:30.953174,82484.005,0.0,82484.0,1.98759,82483.99,0.00031,82483.98,0.00066,82483.97,0.00014,82483.96,0.34922,82483.95,0.22238,82483.94,8e-05,82483.4,0.01219,82482.95,7e-05,82482.83,0.01588,82482.49,0.06798,82482.12,7e-05,82482.0,0.08387,82481.54,0.80031,82480.01,0.08767,82480.0,0.08387,82479.5,0.00016,82479.49,0.003,82479.22,0.00013,82478.88,0.10832,82484.01,0.49075,82484.04,0.00028,82484.11,0.00028,82484.35,0.00014,82484.59,0.00014,82485.64,0.00014,82485.65,0.00998,82486.0,0.08413,82487.99,0.0253,82488.0,0.08387,82489.88,7e-05,82489.89,0.24255,82489.98,0.09758,82490.0,0.13189,82491.19,0.0015,82491.2,7e-05,82491.64,0.01219,82491.81,0.00018,82492.0,0.0838,82493.75,0.0001
2025-03-09 18:16:31.053125,82484.005,0.0,82484.0,1.07062,82483.99,0.00038,82483.98,0.00073,82483.97,0.00021,82483.96,0.34929,82483.95,0.22245,82483.94,0.00015,82483.4,0.01226,82482.95,7e-05,82482.83,0.01588,82482.49,7e-05,82482.12,7e-05,82482.0,0.0838,82481.54,7e-05,82480.01,0.08767,82480.0,0.08387,82479.5,0.00016,82479.49,0.003,82479.22,0.00013,82478.88,0.10832,82484.01,1.71329,82484.04,0.00028,82484.11,0.00014,82484.35,0.00014,82484.59,0.00014,82485.64,0.00014,82485.65,0.00998,82485.98,0.00014,82485.99,0.05806,82486.0,0.08399,82487.99,7e-05,82488.0,0.0838,82489.02,0.04,82489.88,0.14165,82489.98,7e-05,82490.0,0.08424,82491.19,0.0015,82491.2,7e-05,82491.64,0.01212,82491.81,0.00018
2025-03-09 18:16:31.153893,82483.965,-4.8494250501232415e-05,82483.96,0.00058,82483.95,7e-05,82483.77,7e-05,82483.41,0.00014,82483.4,0.01219,82482.95,7e-05,82482.84,7e-05,82482.83,0.01588,82482.12,7e-05,82480.46,7e-05,82479.5,0.00016,82479.49,0.003,82479.22,0.00013,82478.89,7e-05,82478.88,0.10839,82478.0,0.08387,82477.74,0.04904,82477.63,0.01219,82477.15,0.00144,82476.65,0.28447,82483.97,3.60869,82484.0,1.02305,82484.01,2.13356,82484.04,0.00028,82484.32,0.00022,82484.35,0.00014,82484.59,7e-05,82485.64,7e-05,82485.65,0.00998,82485.99,7e-05,82486.0,0.08387,82488.0,0.08387,82489.02,0.04007,82489.87,0.09714,82490.0,0.08375,82491.19,0.0015,82491.2,7e-05,82491.63,0.00017,82491.64,0.01219,82492.0,0.0838
2025-03-09 18:16:31.253260,82478.88500000001,-0.0061587727990369935,82478.88,0.29225,82478.87,0.00025,82478.78,0.00014,82478.74,7e-05,82478.73,0.01568,82478.01,0.00067,82478.0,0.0838,82477.75,0.00021,82477.74,7e-05,82477.63,0.01219,82477.15,0.00151,82476.32,0.0001,82476.01,7e-05,82476.0,0.08387,82475.99,8e-05,82475.56,0.00013,82475.49,0.0003,82474.32,7e-05,82474.0,0.08387,82473.78,0.00013,82478.89,4.969,82479.99,0.00021,82480.0,0.08401,82480.53,0.01233,82481.88,0.00021,82481.99,0.00014,82482.0,0.08394,82483.12,0.04942,82483.4,7e-05,82483.41,1.86806,82483.97,0.54462,82483.99,0.00014,82484.0,0.08387,82484.01,0.77857,82484.29,0.0446,82485.64,8e-05,82485.65,0.00991,82485.99,0.06241,82486.0,0.08387,82486.11,0.14
2025-03-09 18:16:31.353107,82478.88500000001,0.0,82478.88,0.55245,82478.87,0.00025,82478.83,0.00013,82478.78,0.00021,82478.74,0.00014,82478.73,0.01568,82478.02,7e-05,82478.01,0.00067,82478.0,0.08387,82477.72,8e-05,82477.63,0.01212,82477.15,0.00151,82476.96,7e-05,82476.32,0.0001,82476.0,0.08387,82475.99,8e-05,82475.49,0.0003,82474.32,7e-05,82474.0,0.08387,82473.78,0.00013,82478.89,3.23197,82479.05,0.80026,82479.98,0.00014,82479.99,0.02918,82480.0,0.08401,82480.53,0.01219,82481.28,7e-05,82481.88,0.00014,82481.99,0.00014,82482.0,0.08387,82482.42,7e-05,82483.12,0.04942,82483.4,0.83257,82483.97,0.00747,82483.99,0.00014,82484.0,0.08387,82484.01,0.04826,82485.64,8e-05,82485.65,0.00991,82485.99,0.09661
2025-03-09 18:16:31.453154,82478.88500000001,0.0,82478.88,0.20405,82478.87,0.00025,82478.83,0.00013,82478.78,0.00021,82478.74,0.00014,82478.73,0.01568,82478.01,0.0006,82477.98,7e-05,82477.64,7e-05,82477.63,0.01219,82477.15,0.00151,82476.01,7e-05,82476.0,0.08387,82475.99,8e-05,82475.49,0.0003,82474.32,7e-05,82474.01,7e-05,82474.0,0.0838,82473.78,0.00013,82472.71,7e-05,82478.89,3.08552,82478.91,0.00013,82479.03,7e-05,82479.04,0.27787,82479.05,0.80033,82479.98,7e-05,82479.99,7e-05,82480.0,0.08394,82480.53,0.01219,82481.28,7e-05,82481.88,7e-05,82482.0,0.08387,82482.13,0.02431,82483.12,0.04942,82483.39,0.28952,82483.97,0.00727,82484.0,0.0838,82484.01,0.00049,82485.64,8e-05,82485.65,0.00991
2025-03-09 18:16:31.553263,82478.88500000001,0.0,82478.88,0.01971,82478.87,0.00025,82478.78,0.00021,82478.74,0.00014,82478.73,0.01568,82478.01,0.00041,82477.98,7e-05,82477.64,7e-05,82477.63,0.01219,82477.15,0.00151,82476.01,7e-05,82476.0,7e-05,82475.99,8e-05,82475.49,0.0003,82474.32,7e-05,82474.01,7e-05,82474.0,0.08387,82473.78,0.00013,82472.71,7e-05,82471.64,0.01212,82478.89,3.18271,82478.91,0.00013,82479.03,7e-05,82479.04,0.27787,82479.05,0.80033,82479.98,7e-05,82479.99,7e-05,82480.0,0.08394,82480.53,0.01219,82481.28,7e-05,82481.88,7e-05,82482.0,0.08387,82482.12,0.10919,82482.13,0.02431,82482.6,7e-05,82482.96,0.00611,82483.37,0.09002,82484.0,0.0838,82484.01,0.00049,82485.64,8e-05
2025-03-09 18:16:31.653106,82478.88500000001,0.0,82478.88,0.01964,82478.87,0.00039,82478.81,0.00021,82478.79,0.0004,82478.78,0.00014,82478.74,0.00021,82478.73,0.01575,82477.98,0.00014,82477.64,7e-05,82477.63,0.01219,82477.15,0.00151,82476.02,0.00019,82476.01,0.00014,82475.99,8e-05,82475.49,0.00037,82474.32,7e-05,82474.01,0.00021,82474.0,0.08387,82472.71,0.00014,82471.64,0.01212,82478.89,3.20575,82478.9,0.00027,82479.03,0.00021,82479.04,0.27801,82479.05,0.80047,82479.98,7e-05,82479.99,7e-05,82480.0,0.08394,82480.53,0.01219,82481.27,0.0001,82481.28,7e-05,82481.99,0.11943,82482.0,0.08387,82482.13,0.02431,82482.6,7e-05,82483.37,0.09002,82484.0,0.0838,82484.01,0.00049,82485.64,8e-05,82485.65,0.00991
2025-03-09 18:16:31.753273,82478.88500000001,0.0,82478.88,1.21444,82478.87,0.00039,82478.81,0.00014,82478.79,0.0004,82478.78,0.00028,82478.74,0.00021,82478.73,0.01575,82478.01,0.00014,82478.0,0.08387,82477.63,0.01219,82477.15,0.00151,82476.02,0.00019,82476.01,7e-05,82476.0,0.08387,82475.99,8e-05,82475.49,0.0003,82474.32,7e-05,82474.01,0.00014,82474.0,0.08387,82471.64,0.01212,82478.89,2.45436,82478.9,0.00027,82479.03,0.00021,82479.04,0.27801,82479.05,0.80047,82479.98,7e-05,82479.99,7e-05,82480.0,0.08394,82480.53,0.01219,82481.27,0.0001,82481.28,7e-05,82481.99,0.08484,82482.0,0.08387,82482.13,0.02431,82482.6,7e-05,82483.37,7e-05,82484.0,0.0838,82484.01,0.00049,82485.64,8e-05,82485.65,0.00991
2025-03-09 18:16:31.853143,82478.88500000001,0.0,82478.88,2.26786,82478.87,0.00052,82478.81,0.00014,82478.79,0.0004,82478.78,0.00028,82478.74,0.00021,82478.73,0.01575,82478.41,0.00015,82478.02,7e-05,82478.01,0.07992,82478.0,0.08387,82477.63,0.01219,82477.15,0.00151,82476.02,0.00019,82476.0,0.08387,82475.99,8e-05,82475.49,0.0003,82474.32,7e-05,82474.01,0.00014,82474.0,0.0838,82478.89,1.46859,82478.9,0.00027,82479.03,0.00021,82479.04,0.27787,82479.05,0.00021,82479.98,7e-05,82479.99,7e-05,82480.0,0.08394,82480.53,0.01219,82481.27,0.0001,82481.28,7e-05,82481.99,0.05785,82482.0,0.08387,82482.13,0.02424,82482.6,7e-05,82483.37,7e-05,82484.0,0.0838,82485.64,8e-05,82485.65,0.00991,82485.99,0.24708
2025-03-09 18:16:31.953801,82478.88500000001,0.0,82478.88,0.36266,82478.87,0.00052,82478.81,0.00014,82478.79,0.0004,82478.78,0.00014,82478.74,0.00021,82478.73,0.01575,82478.41,0.00015,82478.02,7e-05,82478.01,7e-05,82478.0,0.08387,82477.63,0.01219,82477.15,0.00151,82476.02,0.00019,82476.0,0.0838,82475.99,8e-05,82475.49,0.0003,82474.51,7e-05,82474.32,7e-05,82474.01,0.00014,82478.89,1.96316,82478.9,0.00027,82479.03,0.00021,82479.04,0.02916,82479.05,0.00021,82479.98,7e-05,82479.99,0.00014,82480.0,0.08394,82480.53,0.01219,82481.27,0.0001,82481.28,7e-05,82481.99,0.05785,82482.0,0.0838,82482.6,7e-05,82483.37,7e-05,82484.0,0.0838,82485.64,8e-05,82485.65,0.00991,82485.93,0.04935,82485.99,0.47368
2025-03-09 18:16:32.053282,82478.88500000001,0.0,82478.88,0.41162,82478.87,0.00052,82478.81,0.00014,82478.79,0.0004,82478.78,0.00014,82478.74,0.00021,82478.73,0.01568,82478.41,7e-05,82478.02,0.0002,82478.01,0.00026,82478.0,7e-05,82477.64,7e-05,82477.63,0.01219,82477.15,0.00151,82476.02,0.00019,82476.01,7e-05,82476.0,0.0838,82475.99,8e-05,82475.49,0.0003,82474.32,7e-05,82478.89,2.53657,82478.9,0.00027,82479.03,0.00021,82479.04,0.02916,82479.05,0.00021,82479.38,0.00014,82479.39,0.80033,82479.98,7e-05,82480.0,0.08387,82480.53,0.01219,82481.27,0.0001,82481.28,7e-05,82481.99,0.05785,82482.0,0.0838,82482.13,0.02424,82482.6,7e-05,82483.37,7e-05,82484.0,0.0838,82485.64,8e-05,82485.65,0.00991
2025-03-09 18:16:32.153365,82478.88500000001,0.0,82478.88,0.4098,82478.87,0.00052,82478.81,0.00014,82478.79,0.0004,82478.78,0.00014,82478.74,0.00021,82478.73,0.01568,82478.41,7e-05,82478.01,7e-05,82478.0,0.08387,82477.63,0.01219,82477.15,0.00151,82476.02,0.00019,82476.01,0.05044,82476.0,0.0838,82475.99,8e-05,82475.49,0.0003,82474.32,7e-05,82474.0,0.0838,82471.64,0.01212,82478.89,1.13669,82478.9,0.00027,82479.03,0.00021,82479.04,0.26565,82479.05,0.00021,82479.38,0.00014,82479.39,0.80033,82479.98,7e-05,82480.0,0.08387,82480.53,0.01219,82481.27,0.0001,82481.28,7e-05,82481.99,0.05785,82482.0,0.0838,82482.13,0.02424,82482.6,7e-05,82483.37,7e-05,82484.0,0.0838,82485.64,8e-05,82485.65,0.00991
2025-03-09 18:16:32.253132,82478.88500000001,0.0,82478.88,0.82217,82478.87,0.00052,82478.84,0.00027,82478.81,0.00014,82478.79,0.0004,82478.78,7e-05,82478.74,0.00021,82478.73,0.01568,82478.01,7e-05,82478.0,0.08387,82477.63,0.01219,82477.15,0.00151,82476.02,0.00019,82476.01,7e-05,82476.0,0.0838,82475.99,8e-05,82475.49,0.0003,82474.32,7e-05,82474.0,0.0838,82471.64,0.01212,82478.89,1.68445,82478.9,0.00027,82479.03,0.00021,82479.04,0.26565,82479.05,0.00021,82479.38,0.00014,82479.39,0.80033,82479.98,7e-05,82480.0,0.08387,82480.53,0.01219,82481.27,0.0001,82481.28,7e-05,82481.99,0.05785,82482.0,0.0838,82482.13,0.02424,82482.6,7e-05,82483.37,7e-05,82484.0,0.0838,82485.64,8e-05,82485.65,0.00991
2025-03-09 18:16:32.353186,82478.88500000001,0.0,82478.88,0.82149,82478.87,0.00052,82478.84,0.00027,82478.81,0.00014,82478.79,0.0004,82478.78,7e-05,82478.77,0.00021,82478.74,0.00021,82478.73,0.01561,82478.01,7e-05,82478.0,0.08387,82477.63,0.01219,82477.15,0.00151,82476.02,0.00019,82476.01,7e-05,82476.0,0.0838,82475.99,8e-05,82475.49,0.0003,82474.32,7e-05,82474.0,0.0838,82478.89,2.08125,82478.9,0.00027,82479.03,0.00021,82479.04,0.26565,82479.05,0.00021,82479.38,0.00014,82479.39,0.80033,82479.98,7e-05,82480.0,0.08387,82480.53,0.01219,82481.27,0.0001,82481.28,7e-05,82481.99,0.05785,82482.0,0.0838,82482.13,0.02424,82482.6,7e-05,82483.37,7e-05,82484.0,0.0838,82485.64,8e-05,82485.65,0.00991
2025-03-09 18:16:32.453075,82478.88500000001,0.0,82478.88,0.81591,82478.87,0.00052,82478.84,0.00014,82478.81,0.00014,82478.79,0.0004,82478.78,7e-05,82478.77,0.00021,82478.74,0.00021,82478.73,0.01561,82478.01,7e-05,82478.0,0.08387,82477.63,0.01219,82477.15,0.00151,82476.02,0.00019,82476.01,7e-05,82476.0,0.0838,82475.99,8e-05,82475.49,0.0003,82474.32,7e-05,82474.0,0.0838,82478.89,2.08209,82478.9,0.00027,82479.03,0.00021,82479.04,0.26565,82479.05,0.00021,82479.38,0.00014,82479.39,0.80033,82479.98,7e-05,82480.0,0.08387,82480.53,0.01219,82481.27,0.0001,82481.28,7e-05,82481.99,0.05785,82482.0,0.0838,82482.13,0.02424,82482.6,7e-05,82483.37,7e-05,82484.0,0.0838,82485.64,8e-05,82485.65,0.00991
2025-03-09 18:16:32.553089,82478.88500000001,0.0,82478.88,0.81479,82478.87,0.00052,82478.84,0.00014,82478.81,0.00028,82478.79,0.0004,82478.78,7e-05,82478.77,7e-05,82478.74,0.00021,82478.73,0.01561,82478.01,7e-05,82478.0,0.08387,82477.63,0.01219,82477.15,0.00151,82476.02,0.00019,82476.01,7e-05,82476.0,0.0838,82475.99,8e-05,82475.49,0.0003,82474.32,7e-05,82474.0,0.0838,82478.89,1.1225,82478.9,0.00027,82479.03,0.00021,82479.04,0.26565,82479.05,0.00021,82479.38,0.00014,82479.39,0.80033,82479.98,7e-05,82480.0,0.08387,82480.53,0.01219,82481.27,0.0001,82481.28,7e-05,82481.99,0.05785,82482.0,0.0838,82482.13,0.02424,82482.6,7e-05,82483.37,7e-05,82484.0,0.0838,82485.64,8e-05,82485.65,0.00991
2025-03-09 18:16:32.653141,82478.88500000001,0.0,82478.88,1.90384,82478.87,0.00039,82478.84,0.00014,82478.81,0.00028,82478.79,0.0004,82478.78,7e-05,82478.77,7e-05,82478.74,0.00021,82478.73,0.01561,82478.48,8e-05,82478.02,7e-05,82478.01,0.07983,82478.0,0.08387,82477.63,0.01219,82477.15,0.00151,82476.02,0.00019,82476.0,0.0838,82475.99,8e-05,82475.49,0.0003,82474.32,7e-05,82478.89,1.05903,82478.9,0.00014,82479.03,0.00021,82479.04,0.26557,82479.05,0.00021,82479.38,7e-05,82479.39,7e-05,82479.98,7e-05,82480.0,0.08387,82480.53,0.01219,82481.27,0.0001,82481.28,7e-05,82481.99,0.05785,82482.0,0.0838,82482.13,0.02424,82482.6,7e-05,82483.37,7e-05,82484.0,0.0838,82485.64,8e-05,82485.65,0.00991
2025-03-09 18:16:32.753071,82478.88500000001,0.0,82478.88,1.00482,82478.87,0.00039,82478.84,0.00014,82478.81,0.00014,82478.79,0.0004,82478.78,7e-05,82478.77,7e-05,82478.74,0.00021,82478.73,0.01561,82478.48,8e-05,82478.02,7e-05,82478.01,0.07983,82478.0,0.08387,82477.63,0.01219,82477.15,0.00151,82476.02,0.00019,82476.0,0.0838,82475.99,8e-05,82475.49,0.0003,82474.32,7e-05,82478.89,0.93753,82478.9,0.00014,82479.03,0.00021,82479.04,0.02908,82479.05,0.00021,82479.38,7e-05,82479.39,7e-05,82479.98,7e-05,82479.99,7e-05,82480.0,0.08387,82480.53,0.01219,82481.27,0.0001,82481.28,7e-05,82481.47,0.04935,82481.99,0.05785,82482.0,0.0838,82482.6,7e-05,82483.37,7e-05,82484.0,0.0838,82485.64,8e-05
2025-03-09 18:16:32.853177,82478.88500000001,0.0,82478.88,1.00391,82478.87,0.00039,82478.86,0.00027,82478.84,0.00014,82478.81,0.00014,82478.79,0.00033,82478.78,7e-05,82478.77,7e-05,82478.74,0.00014,82478.73,0.01561,82478.48,8e-05,82478.02,7e-05,82478.01,0.07983,82478.0,0.08387,82477.63,0.01219,82477.15,0.00151,82476.02,0.00019,82476.0,0.0838,82475.99,8e-05,82475.49,0.0003,82478.89,1.04526,82478.9,0.00028,82479.03,0.00021,82479.04,0.02908,82479.05,0.00021,82479.38,7e-05,82479.39,7e-05,82479.98,7e-05,82479.99,7e-05,82480.0,0.08387,82480.53,0.01219,82481.27,0.0001,82481.28,7e-05,82481.39,7e-05,82481.4,0.80024,82481.47,0.04935,82481.99,0.05785,82482.0,0.0838,82482.6,7e-05,82484.0,0.0838
2025-03-09 18:16:32.953125,82478.88500000001,0.0,82478.88,1.90364,82478.87,0.00039,82478.86,0.00027,82478.84,0.00014,82478.81,0.00014,82478.79,0.00033,82478.78,7e-05,82478.77,7e-05,82478.74,0.00014,82478.73,0.01561,82478.48,8e-05,82478.02,7e-05,82478.01,0.07983,82478.0,0.08387,82477.63,0.01219,82477.15,0.00151,82476.02,0.00019,82476.0,0.0838,82475.99,8e-05,82475.49,0.0003,82478.89,1.12639,82478.9,0.00041,82479.03,0.00021,82479.04,0.02908,82479.05,0.00021,82479.38,7e-05,82479.39,7e-05,82479.98,7e-05,82479.99,7e-05,82480.0,0.08387,82480.24,8e-05,82480.53,0.01212,82481.27,0.0001,82481.28,7e-05,82481.38,7e-05,82481.39,0.3052,82481.47,0.04935,82481.99,7e-05,82482.0,0.0838,82482.6,7e-05
2025-03-09 18:16:33.053095,82478.88500000001,0.0,82478.88,1.94544,82478.87,0.00039,82478.86,0.00027,82478.84,0.00014,82478.81,0.00014,82478.79,0.00033,82478.78,7e-05,82478.77,7e-05,82478.74,0.00014,82478.73,0.01561,82478.48,8e-05,82478.02,7e-05,82478.01,0.30986,82478.0,0.08387,82477.64,0.80028,82477.63,0.01219,82477.15,0.00151,82476.02,0.00019,82476.0,0.0838,82475.99,8e-05,82478.89,0.77465,82478.9,0.00027,82479.03,0.00021,82479.04,0.02908,82479.05,0.00021,82479.38,7e-05,82479.39,7e-05,82479.98,7e-05,82479.99,7e-05,82480.0,0.08387,82480.53,0.01212,82481.27,0.0001,82481.28,7e-05,82481.37,7e-05,82481.38,0.15669,82481.47,0.04935,82481.99,7e-05,82482.0,0.0838,82482.2,8e-05,82482.6,7e-05
2025-03-09 18:16:33.153265,82478.88500000001,0.0,82478.88,1.94642,82478.87,0.00039,82478.86,0.00027,82478.84,0.00014,82478.81,0.00014,82478.79,0.00033,82478.78,7e-05,82478.77,7e-05,82478.74,0.00014,82478.73,0.01568,82478.48,8e-05,82478.02,7e-05,82478.01,0.30993,82478.0,0.08387,82477.64,0.80035,82477.63,0.01219,82477.15,0.00151,82476.02,0.00019,82476.0,0.0838,82475.99,8e-05,82478.89,0.53062,82478.9,0.00014,82479.03,0.00021,82479.04,0.02915,82479.05,0.00014,82479.38,7e-05,82479.62,0.00014,82479.99,0.00014,82480.0,0.08387,82480.53,0.01219,82481.27,0.0001,82481.28,7e-05,82481.36,7e-05,82481.37,0.11223,82482.0,0.08387,82482.6,7e-05,82484.0,0.0838,82485.64,8e-05,82485.65,0.00991,82485.9,0.50612
