timestamp,mid_price,return,bid_price_1,bid_vol_1,bid_price_2,bid_vol_2,bid_price_3,bid_vol_3,bid_price_4,bid_vol_4,bid_price_5,bid_vol_5,bid_price_6,bid_vol_6,bid_price_7,bid_vol_7,bid_price_8,bid_vol_8,bid_price_9,bid_vol_9,bid_price_10,bid_vol_10,bid_price_11,bid_vol_11,bid_price_12,bid_vol_12,bid_price_13,bid_vol_13,bid_price_14,bid_vol_14,bid_price_15,bid_vol_15,bid_price_16,bid_vol_16,bid_price_17,bid_vol_17,bid_price_18,bid_vol_18,bid_price_19,bid_vol_19,bid_price_20,bid_vol_20,ask_price_1,ask_vol_1,ask_price_2,ask_vol_2,ask_price_3,ask_vol_3,ask_price_4,ask_vol_4,ask_price_5,ask_vol_5,ask_price_6,ask_vol_6,ask_price_7,ask_vol_7,ask_price_8,ask_vol_8,ask_price_9,ask_vol_9,ask_price_10,ask_vol_10,ask_price_11,ask_vol_11,ask_price_12,ask_vol_12,ask_price_13,ask_vol_13,ask_price_14,ask_vol_14,ask_price_15,ask_vol_15,ask_price_16,ask_vol_16,ask_price_17,ask_vol_17,ask_price_18,ask_vol_18,ask_price_19,ask_vol_19,ask_price_20,ask_vol_20
2025-03-09 18:16:19.154725,2016.4250000000002,0.0,2016.42,6.5151,2016.41,0.0131,2016.39,0.0026,2016.38,0.0026,2016.35,0.0026,2016.34,0.0955,2016.33,0.6834,2016.28,0.1,2016.25,0.0296,2016.24,0.0052,2016.22,0.0026,2016.21,0.6834,2016.2,1.9645,2016.18,6.3937,2016.16,0.1,2016.15,0.005,2016.14,0.0038,2016.13,3.2527,2016.1,0.005,2016.09,2.4143,2016.43,58.465,2016.46,6.0086,2016.47,17.3641,2016.5,7.8562,2016.51,6.7831,2016.53,6.7526,2016.54,0.0055,2016.55,0.0026,2016.56,0.0025,2016.58,0.425,2016.6,5.2263,2016.61,0.0025,2016.62,1.2519,2016.63,0.0025,2016.65,0.0025,2016.66,0.0029,2016.67,1.3874,2016.68,0.005,2016.69,0.0025,2016.7,2.642
2025-03-09 18:16:19.253887,2016.4250000000002,0.0,2016.42,6.5135,2016.41,0.0131,2016.39,0.0026,2016.38,0.0026,2016.35,0.0026,2016.34,0.0955,2016.33,0.6834,2016.28,0.1,2016.25,0.0296,2016.24,0.0052,2016.22,0.0026,2016.21,0.6834,2016.2,1.9645,2016.18,6.3937,2016.16,0.1,2016.15,0.005,2016.14,0.0038,2016.13,3.2527,2016.1,0.005,2016.08,0.0495,2016.43,58.4699,2016.46,6.0086,2016.47,17.3667,2016.5,5.0465,2016.51,6.7805,2016.52,0.0025,2016.53,6.7526,2016.54,0.0055,2016.55,0.0026,2016.56,0.0025,2016.58,0.425,2016.6,4.8025,2016.61,0.0025,2016.62,1.2519,2016.63,0.0025,2016.65,0.0025,2016.66,0.0029,2016.67,1.3874,2016.68,0.005,2016.7,2.642
2025-03-09 18:16:19.353931,2016.395,-0.0014877815936719732,2016.39,0.0219,2016.38,0.0127,2016.35,0.0026,2016.34,0.0955,2016.33,0.6834,2016.28,0.1,2016.24,0.0052,2016.22,0.0272,2016.21,0.6809,2016.2,0.0025,2016.18,1.4761,2016.16,0.1,2016.14,0.0038,2016.1,0.005,2016.08,0.0495,2016.02,0.0123,2016.01,0.0076,2016.0,6.1422,2015.97,8.4204,2015.95,1.3936,2016.4,62.7345,2016.42,41.3714,2016.43,7.514,2016.46,0.0055,2016.47,0.0052,2016.5,5.0491,2016.51,0.0356,2016.52,0.0051,2016.53,6.7525,2016.56,4.727,2016.57,0.025,2016.58,0.4,2016.6,4.805,2016.62,1.2544,2016.63,0.0025,2016.66,0.0029,2016.67,1.3874,2016.68,0.005,2016.7,2.642,2016.71,3.3523
2025-03-09 18:16:19.454554,2016.395,0.0,2016.39,5.9809,2016.38,0.0127,2016.35,0.0026,2016.34,0.1007,2016.33,0.6834,2016.28,0.1,2016.24,0.0052,2016.22,0.0328,2016.21,0.6809,2016.2,0.0025,2016.19,0.006,2016.18,1.4761,2016.16,0.1,2016.14,0.0038,2016.1,0.005,2016.08,0.0495,2016.02,0.0123,2016.01,0.0076,2016.0,2.9733,2015.97,8.4204,2016.4,77.8341,2016.41,12.4211,2016.42,19.2601,2016.43,4.6086,2016.45,0.987,2016.46,0.0055,2016.47,0.0052,2016.5,5.5532,2016.51,0.0356,2016.52,0.0051,2016.53,6.7525,2016.55,1.6,2016.56,4.727,2016.57,0.025,2016.58,0.4,2016.6,4.805,2016.62,1.2544,2016.63,0.0025,2016.66,0.0029,2016.67,1.3874
2025-03-09 18:16:19.553937,2016.2849999999999,-0.0054552803394239385,2016.28,5.8419,2016.27,0.0133,2016.24,0.0078,2016.22,0.0108,2016.21,0.686,2016.19,0.006,2016.18,1.4761,2016.16,0.1,2016.11,0.0246,2016.1,0.005,2016.02,0.0123,2016.01,0.0076,2016.0,2.9758,2015.97,1.6704,2015.96,0.9895,2015.95,1.3961,2015.94,0.0038,2015.93,0.0052,2015.91,3.1559,2015.9,2.817,2016.29,77.2244,2016.3,3.6501,2016.33,17.3652,2016.34,7.479,2016.35,0.7345,2016.36,1.995,2016.37,23.5504,2016.39,0.852,2016.4,18.9134,2016.41,0.0051,2016.42,0.0026,2016.43,2.7602,2016.44,0.025,2016.45,0.9895,2016.5,7.3068,2016.51,0.0305,2016.52,0.0025,2016.53,6.75,2016.54,0.005,2016.55,1.6052
2025-03-09 18:16:19.654588,2016.245,-0.001983846529630663,2016.24,0.0165,2016.23,0.0109,2016.22,0.0082,2016.21,0.686,2016.19,0.006,2016.18,1.4761,2016.16,0.1,2016.1,0.005,2016.02,0.0123,2016.01,0.005,2016.0,2.1788,2015.97,1.6704,2015.96,0.9895,2015.95,1.3961,2015.94,0.0038,2015.93,0.0052,2015.91,0.005,2015.9,4.5961,2015.87,0.0077,2015.86,0.0025,2016.25,71.6819,2016.27,61.4214,2016.28,25.5622,2016.29,17.1503,2016.3,3.6471,2016.31,0.0055,2016.33,0.0052,2016.34,0.729,2016.35,0.7319,2016.36,1.729,2016.4,5.6417,2016.41,0.0025,2016.43,2.7573,2016.44,0.025,2016.45,0.9895,2016.5,7.3068,2016.51,0.0029,2016.52,0.0025,2016.53,25.0533,2016.54,0.005
2025-03-09 18:16:19.754503,2016.165,-0.0039677717737639645,2016.16,6.0592,2016.15,0.0104,2016.02,0.0123,2016.01,0.0052,2016.0,0.01,2015.97,0.6834,2015.95,1.3961,2015.94,0.0038,2015.93,0.0052,2015.91,0.005,2015.9,2.9195,2015.87,0.0077,2015.85,0.0099,2015.83,0.0248,2015.81,1.1844,2015.79,0.0026,2015.78,2.0582,2015.75,0.0025,2015.74,6.7538,2015.73,1.3936,2016.17,58.2529,2016.18,66.746,2016.19,5.7556,2016.2,2.6471,2016.21,0.0029,2016.25,2.9059,2016.27,0.0026,2016.28,0.0026,2016.29,9.1388,2016.3,3.6496,2016.31,0.0055,2016.33,0.025,2016.34,0.7408,2016.35,0.0029,2016.36,1.0025,2016.4,4.9216,2016.41,0.0025,2016.43,2.4026,2016.44,0.005,2016.45,0.987
2025-03-09 18:16:19.853931,2016.165,0.0,2016.16,4.9046,2016.15,0.0104,2016.02,0.0123,2016.0,0.01,2015.97,0.6834,2015.95,1.3936,2015.94,0.0038,2015.93,0.0052,2015.91,0.005,2015.9,0.152,2015.87,0.0077,2015.85,0.0099,2015.83,0.0248,2015.81,1.1844,2015.79,0.0026,2015.78,2.0557,2015.75,0.0025,2015.74,0.0038,2015.73,1.3936,2015.71,0.005,2016.17,92.4839,2016.18,8.6488,2016.19,1.3657,2016.2,2.6446,2016.21,0.0029,2016.25,0.0106,2016.27,0.0026,2016.28,0.0026,2016.29,6.8253,2016.3,3.6471,2016.31,0.0055,2016.33,0.025,2016.34,0.0025,2016.35,0.0029,2016.36,1.0025,2016.39,0.64,2016.4,6.4641,2016.41,0.0025,2016.43,2.4001,2016.44,0.005
2025-03-09 18:16:19.953870,2016.025,-0.006943876121243682,2016.02,0.0217,2016.01,0.0112,2016.0,0.0152,2015.99,0.0026,2015.98,0.008,2015.97,0.686,2015.95,1.3987,2015.93,0.0052,2015.9,0.1495,2015.87,0.0049,2015.85,0.0099,2015.81,1.1844,2015.79,0.0026,2015.74,0.0038,2015.73,1.3961,2015.71,0.005,2015.7,12.0719,2015.69,14.8686,2015.67,4.9301,2015.66,0.005,2016.03,80.3233,2016.05,0.0051,2016.1,2.6445,2016.11,7.5798,2016.12,2.6431,2016.13,1.0106,2016.16,29.0183,2016.17,16.7246,2016.18,0.0051,2016.19,1.3627,2016.2,2.6471,2016.21,0.0026,2016.24,0.0052,2016.25,0.0029,2016.29,6.8227,2016.3,3.6495,2016.32,0.025,2016.36,1.0,2016.39,0.64,2016.4,8.5098
2025-03-09 18:16:20.053947,2015.975,-0.002480127974612512,2015.97,6.2238,2015.96,0.0172,2015.95,1.4017,2015.93,0.0052,2015.9,0.1495,2015.87,0.0049,2015.85,0.0099,2015.82,0.006,2015.81,1.1844,2015.79,0.0026,2015.73,1.3936,2015.71,3.7802,2015.7,0.0025,2015.67,0.01,2015.66,0.005,2015.62,0.0052,2015.6,2.1832,2015.58,0.0026,2015.56,2.0745,2015.55,6.8602,2015.98,76.6843,2015.99,0.2714,2016.0,5.037,2016.01,7.5823,2016.02,30.7043,2016.03,12.0821,2016.05,0.0026,2016.06,0.0055,2016.09,0.0029,2016.1,2.6471,2016.11,0.0026,2016.12,0.0026,2016.13,1.0025,2016.15,28.9449,2016.17,1.4087,2016.19,1.0079,2016.2,2.6483,2016.23,0.005,2016.24,0.0052,2016.28,3.2427
2025-03-09 18:16:20.154596,2015.975,0.0,2015.97,3.7271,2015.96,0.0172,2015.95,1.3991,2015.9,0.1495,2015.87,0.0049,2015.85,0.0099,2015.82,0.006,2015.81,1.1844,2015.8,0.0246,2015.79,0.0026,2015.73,1.3936,2015.71,0.005,2015.7,0.0025,2015.67,0.01,2015.66,0.005,2015.62,0.0052,2015.6,2.1832,2015.58,0.0026,2015.56,2.0745,2015.55,0.1102,2015.98,87.1592,2015.99,0.0026,2016.0,17.1467,2016.01,0.0051,2016.02,6.7577,2016.03,7.7869,2016.05,0.0026,2016.06,0.0055,2016.08,0.0051,2016.09,0.0055,2016.1,2.6445,2016.13,1.0275,2016.14,10.2029,2016.15,14.4264,2016.17,1.4087,2016.19,1.0079,2016.2,2.6458,2016.23,0.005,2016.24,0.0052,2016.28,3.2427
2025-03-09 18:16:20.254446,2015.855,-0.005952454767538827,2015.85,6.1546,2015.84,0.0105,2015.82,0.003,2015.81,1.1794,2015.79,0.0026,2015.73,1.3961,2015.71,0.005,2015.67,0.01,2015.66,0.005,2015.62,0.0052,2015.6,0.673,2015.58,0.0026,2015.56,2.077,2015.55,0.0923,2015.54,0.0088,2015.52,0.1,2015.51,0.0198,2015.5,1.3172,2015.49,0.987,2015.46,0.0496,2015.86,48.6886,2015.87,0.0026,2015.88,0.0026,2015.89,0.0025,2015.9,49.9306,2015.91,2.6739,2015.94,0.0055,2015.95,0.0026,2015.96,0.2684,2015.97,0.9971,2015.98,1.8982,2015.99,0.0026,2016.0,4.7682,2016.02,3.1375,2016.03,7.7814,2016.08,0.0025,2016.09,0.0029,2016.1,2.6445,2016.13,1.025,2016.14,5.8466
2025-03-09 18:16:20.353976,2015.7350000000001,-0.0059528091058082475,2015.73,7.4886,2015.72,0.0112,2015.67,0.0126,2015.62,0.0078,2015.56,2.1042,2015.55,0.0949,2015.52,0.1026,2015.51,0.0198,2015.49,0.9895,2015.46,0.0496,2015.45,0.0078,2015.43,0.0028,2015.41,3.6073,2015.39,2.6608,2015.38,2.8727,2015.37,0.0204,2015.36,0.01,2015.35,0.6849,2015.34,0.0038,2015.31,0.0127,2015.74,33.3857,2015.76,0.0026,2015.77,0.0055,2015.8,2.9103,2015.82,49.6155,2015.83,1.0025,2015.86,4.4429,2015.89,0.025,2015.9,4.8829,2015.91,2.4026,2015.93,0.0052,2015.94,1.2597,2015.97,0.997,2015.98,0.0875,2015.99,4.7295,2016.0,2.6483,2016.02,3.1375,2016.03,7.7789,2016.08,0.0025,2016.1,2.642
2025-03-09 18:16:20.453930,2015.7350000000001,0.0,2015.73,7.6982,2015.72,0.0112,2015.7,0.1,2015.67,0.0126,2015.62,0.0078,2015.56,2.1042,2015.55,0.0949,2015.52,0.0026,2015.51,0.0198,2015.49,0.9895,2015.46,0.0496,2015.45,0.0078,2015.43,0.0028,2015.41,0.2426,2015.39,1.0943,2015.38,2.8727,2015.37,0.0204,2015.36,0.01,2015.35,0.6849,2015.34,0.0038,2015.74,57.7471,2015.76,0.0052,2015.77,0.0055,2015.8,2.6471,2015.81,13.9242,2015.82,13.5051,2015.83,1.0029,2015.86,0.0079,2015.89,0.025,2015.9,4.8829,2015.91,2.4026,2015.93,0.0052,2015.94,1.2597,2015.97,0.992,2015.98,0.0875,2015.99,4.7345,2016.0,2.6483,2016.02,3.1375,2016.03,7.75,2016.05,0.1008
2025-03-09 18:16:20.554450,2015.6750000000002,-0.002976581743133171,2015.67,6.1819,2015.66,0.0103,2015.62,0.0078,2015.57,0.6665,2015.56,2.0796,2015.55,0.0923,2015.52,0.0026,2015.51,0.0198,2015.48,0.005,2015.45,0.0028,2015.43,0.0028,2015.41,0.2426,2015.4,0.1,2015.39,1.0936,2015.38,2.8752,2015.37,0.0204,2015.36,0.0075,2015.35,0.6849,2015.31,0.0102,2015.3,0.0533,2015.68,73.4506,2015.7,2.6501,2015.71,45.5974,2015.72,17.3726,2015.74,4.8342,2015.78,0.0026,2015.8,2.6471,2015.81,1.6287,2015.82,6.7551,2015.83,0.0279,2015.86,0.0025,2015.9,6.004,2015.91,1.0025,2015.92,0.987,2015.93,0.0102,2015.94,1.2597,2015.97,0.9895,2015.98,0.0386,2015.99,4.732,2016.0,2.6458
2025-03-09 18:16:20.654400,2015.6750000000002,0.0,2015.67,6.1843,2015.66,0.0103,2015.57,0.0025,2015.56,2.0771,2015.55,0.0923,2015.52,0.0026,2015.51,0.0198,2015.48,0.005,2015.45,0.0028,2015.43,0.0028,2015.42,0.005,2015.41,0.2426,2015.4,0.1,2015.39,0.0025,2015.38,2.8752,2015.37,0.0204,2015.36,0.0075,2015.35,0.6849,2015.34,3.7646,2015.31,0.0102,2015.68,81.7179,2015.7,18.8167,2015.71,11.7112,2015.72,17.3701,2015.74,0.3915,2015.75,0.0025,2015.78,0.0026,2015.8,2.6446,2015.81,0.0051,2015.82,6.7551,2015.83,0.0279,2015.86,0.0025,2015.89,1.8012,2015.9,6.004,2015.91,1.0025,2015.92,0.9895,2015.93,0.0102,2015.94,1.2597,2015.97,0.9895,2015.98,0.1396
2025-03-09 18:16:20.753811,2015.5749999999998,-0.004961117243621308,2015.57,6.3423,2015.56,2.0898,2015.55,0.08,2015.52,0.0026,2015.51,0.0198,2015.43,0.0028,2015.42,0.005,2015.41,0.2426,2015.4,0.0246,2015.38,2.8752,2015.37,0.0233,2015.36,0.0075,2015.35,0.6849,2015.34,0.0038,2015.32,0.1,2015.31,0.0102,2015.3,0.0533,2015.29,0.2558,2015.28,0.9899,2015.25,0.1257,2015.58,95.5931,2015.6,2.6446,2015.61,0.0055,2015.67,24.7213,2015.68,21.7129,2015.7,8.6505,2015.71,0.0055,2015.72,0.0051,2015.73,0.0276,2015.74,0.3835,2015.75,0.0025,2015.78,0.0026,2015.8,2.6445,2015.81,3.1686,2015.82,6.7525,2015.83,0.0029,2015.86,0.0025,2015.9,6.004,2015.91,1.0025,2015.92,0.987
2025-03-09 18:16:20.853754,2015.5749999999998,0.0,2015.57,15.8141,2015.56,2.2958,2015.52,0.0026,2015.51,0.0198,2015.43,0.0028,2015.42,0.005,2015.41,0.2426,2015.4,0.0246,2015.38,2.8752,2015.37,0.0204,2015.36,6.7575,2015.35,0.6874,2015.34,0.0038,2015.33,0.0029,2015.32,0.1,2015.31,0.0102,2015.3,0.0038,2015.29,0.2558,2015.28,0.9899,2015.25,0.1257,2015.58,60.0011,2015.6,2.6501,2015.61,0.0029,2015.63,17.3657,2015.64,0.0025,2015.66,10.1657,2015.67,0.0051,2015.68,7.7874,2015.7,3.4518,2015.71,0.0055,2015.72,0.0026,2015.73,0.0276,2015.74,0.3835,2015.75,0.0025,2015.8,2.6483,2015.81,3.1686,2015.82,6.75,2015.83,0.0079,2015.86,0.0025,2015.88,0.1012
2025-03-09 18:16:20.953967,2015.5749999999998,0.0,2015.57,8.1749,2015.56,2.2958,2015.52,0.0026,2015.51,0.0198,2015.43,0.0028,2015.42,0.005,2015.41,0.2426,2015.4,0.0246,2015.39,3.1384,2015.38,2.8752,2015.37,0.0204,2015.36,0.0104,2015.35,0.6874,2015.34,0.0038,2015.32,0.1,2015.31,0.0102,2015.3,0.0038,2015.29,0.2558,2015.28,0.987,2015.26,0.0029,2015.58,69.3761,2015.6,2.6476,2015.61,0.0055,2015.62,8.2617,2015.64,0.0051,2015.66,0.0026,2015.67,0.0051,2015.68,7.7874,2015.7,3.4518,2015.71,0.0055,2015.72,0.0026,2015.73,0.025,2015.74,0.3809,2015.75,0.0025,2015.8,2.6483,2015.81,3.1686,2015.82,6.75,2015.83,0.0079,2015.86,0.0025,2015.88,0.1012
2025-03-09 18:16:21.053992,2015.5749999999998,0.0,2015.57,7.554,2015.56,2.2928,2015.52,0.0026,2015.51,0.0198,2015.45,0.003,2015.43,0.0028,2015.42,0.005,2015.41,0.2426,2015.4,0.0246,2015.39,1.1134,2015.38,2.8752,2015.37,0.0204,2015.36,0.0075,2015.35,0.6874,2015.34,0.0038,2015.33,0.0029,2015.32,0.1,2015.31,0.0131,2015.3,0.0038,2015.29,0.2558,2015.58,86.7136,2015.59,3.0401,2015.6,2.6446,2015.61,0.0055,2015.62,0.0026,2015.64,0.0025,2015.66,0.0026,2015.67,0.0051,2015.68,7.7874,2015.7,3.4518,2015.71,0.0055,2015.72,2.947,2015.73,0.025,2015.74,0.3809,2015.75,0.0025,2015.8,2.6483,2015.81,3.1686,2015.82,6.75,2015.83,0.0079,2015.86,0.0025
2025-03-09 18:16:21.154351,2015.5749999999998,0.0,2015.57,7.554,2015.56,2.2958,2015.52,0.0026,2015.51,0.0198,2015.45,0.003,2015.43,0.0028,2015.42,0.005,2015.41,0.2426,2015.4,0.0246,2015.39,1.1134,2015.38,2.8752,2015.37,0.0204,2015.36,0.0075,2015.35,0.6849,2015.34,0.0038,2015.32,0.1,2015.31,0.0131,2015.3,0.0038,2015.29,0.2558,2015.28,0.9919,2015.58,86.7136,2015.59,3.0401,2015.6,2.6476,2015.61,0.0055,2015.64,0.0051,2015.66,0.0026,2015.67,0.0051,2015.68,7.7848,2015.69,0.0049,2015.7,4.3493,2015.71,0.0055,2015.72,2.947,2015.73,0.025,2015.74,0.3809,2015.75,0.0025,2015.8,2.6483,2015.81,3.1686,2015.82,6.75,2015.83,0.0079,2015.86,0.0025
2025-03-09 18:16:21.254063,2015.5149999999999,-0.0029768180295918255,2015.51,18.9743,2015.5,0.2482,2015.45,0.003,2015.43,0.0028,2015.41,0.2426,2015.38,2.8752,2015.37,0.0204,2015.36,0.0025,2015.35,0.6903,2015.32,0.1,2015.31,0.0102,2015.3,0.0029,2015.29,0.2558,2015.28,0.9895,2015.25,0.1286,2015.22,0.0372,2015.21,0.6809,2015.16,3.9424,2015.15,0.005,2015.14,0.0078,2015.52,48.8193,2015.53,46.0954,2015.54,0.0052,2015.56,17.3663,2015.57,0.0051,2015.58,0.6009,2015.59,0.0026,2015.6,2.652,2015.61,0.0055,2015.64,0.0051,2015.66,0.0026,2015.67,3.1336,2015.68,1.0348,2015.7,4.3442,2015.71,0.0029,2015.72,0.025,2015.74,0.0262,2015.75,0.0025,2015.77,0.005,2015.79,0.1005
2025-03-09 18:16:21.354577,2015.5149999999999,0.0,2015.51,6.5954,2015.5,0.0284,2015.45,0.003,2015.43,0.0028,2015.41,0.2426,2015.38,2.8752,2015.37,0.0204,2015.36,0.0025,2015.35,0.6874,2015.32,0.1,2015.31,0.0102,2015.29,0.8092,2015.28,0.9895,2015.25,0.1257,2015.23,0.0029,2015.22,0.0372,2015.21,0.6883,2015.15,0.005,2015.14,0.0078,2015.13,1.4059,2015.52,49.3043,2015.53,6.376,2015.54,0.0052,2015.56,17.3714,2015.57,0.0026,2015.58,0.566,2015.59,0.0026,2015.6,2.652,2015.61,0.0055,2015.64,0.0051,2015.66,2.0482,2015.67,0.0026,2015.68,1.0348,2015.7,3.4492,2015.71,0.0029,2015.72,0.025,2015.75,0.0025,2015.77,0.005,2015.79,0.1005,2015.8,2.6458
2025-03-09 18:16:21.453898,2015.5149999999999,0.0,2015.51,31.814,2015.5,0.0108,2015.48,0.0029,2015.45,0.003,2015.43,3.6395,2015.41,0.2426,2015.4,0.0029,2015.39,1.1112,2015.38,2.8752,2015.37,0.0204,2015.36,0.0025,2015.35,0.712,2015.32,0.1,2015.31,0.0102,2015.3,6.75,2015.29,0.8092,2015.28,0.9924,2015.25,0.1257,2015.22,0.0372,2015.21,0.6858,2015.52,4.5208,2015.53,6.376,2015.54,0.0052,2015.56,0.0077,2015.57,0.0026,2015.58,0.566,2015.59,0.0026,2015.6,2.6471,2015.61,0.0055,2015.64,0.0051,2015.65,1.4523,2015.66,0.0026,2015.67,0.025,2015.68,0.0319,2015.7,3.4467,2015.71,0.0029,2015.75,0.0025,2015.77,0.005,2015.79,0.1005,2015.8,2.6458
2025-03-09 18:16:21.553890,2015.5149999999999,0.0,2015.51,37.7759,2015.5,0.0108,2015.48,0.0029,2015.45,0.003,2015.44,1.1655,2015.43,21.0068,2015.41,0.2426,2015.4,0.0029,2015.39,3.005,2015.38,2.8752,2015.37,0.0204,2015.36,0.0025,2015.35,0.712,2015.32,0.1,2015.31,0.0151,2015.3,6.75,2015.29,0.8092,2015.28,0.9899,2015.27,0.0029,2015.25,0.1257,2015.52,1.8246,2015.53,0.3657,2015.54,0.0052,2015.56,0.0051,2015.57,0.0026,2015.58,0.5269,2015.59,0.7967,2015.6,2.6446,2015.61,0.0026,2015.64,0.982,2015.66,0.0026,2015.67,0.025,2015.68,0.0319,2015.7,3.4467,2015.71,0.0029,2015.75,2.9972,2015.77,0.005,2015.79,0.1005,2015.8,2.6458,2015.81,3.1661
2025-03-09 18:16:21.653981,2015.775,0.012899928802326864,2015.77,35.2182,2015.74,0.0029,2015.7,0.0029,2015.67,14.0099,2015.64,1.0,2015.55,8.31,2015.54,13.8822,2015.52,0.005,2015.51,8.4456,2015.49,0.0246,2015.45,0.003,2015.44,6.3757,2015.43,0.0028,2015.41,0.2426,2015.4,0.0049,2015.39,3.0025,2015.38,2.8777,2015.37,0.0204,2015.36,0.0025,2015.35,0.6849,2015.78,10.0433,2015.79,0.1031,2015.8,2.6484,2015.81,3.1687,2015.83,0.0026,2015.86,0.2065,2015.89,0.2843,2015.9,6.0041,2015.92,0.0026,2015.93,0.0178,2015.94,1.2569,2015.97,0.0025,2015.99,11.482,2016.0,2.9497,2016.01,0.0029,2016.02,3.1473,2016.08,0.0532,2016.09,4.5858,2016.1,2.642,2016.12,17.5219
2025-03-09 18:16:21.754095,2015.775,0.0,2015.77,41.021,2015.74,0.0029,2015.7,0.0029,2015.68,4.503,2015.65,0.0029,2015.64,1.0,2015.56,9.1928,2015.55,8.31,2015.54,0.0038,2015.52,0.005,2015.51,8.4456,2015.49,0.0295,2015.47,1.2496,2015.45,1.6412,2015.43,0.0028,2015.41,0.2426,2015.39,3.0025,2015.38,2.8777,2015.37,0.0204,2015.36,0.0025,2015.78,12.9241,2015.79,0.0026,2015.8,2.6446,2015.82,0.0052,2015.83,0.0026,2015.86,0.0077,2015.89,0.0826,2015.9,6.0041,2015.92,0.9906,2015.93,0.0178,2015.94,0.0026,2015.97,0.0025,2015.99,6.755,2016.0,2.6458,2016.01,0.0029,2016.02,2.1966,2016.06,0.1006,2016.08,0.0025,2016.09,4.5681,2016.1,2.642
2025-03-09 18:16:21.853858,2015.795,0.000992174225793147,2015.79,70.2486,2015.78,28.4553,2015.77,9.2954,2015.74,0.0029,2015.7,0.0029,2015.65,0.0029,2015.64,1.0025,2015.62,0.0295,2015.56,5.0318,2015.55,0.0025,2015.54,0.0038,2015.52,0.005,2015.51,8.4481,2015.47,1.2521,2015.46,0.08,2015.45,0.003,2015.44,0.005,2015.43,0.0028,2015.41,3.1323,2015.39,3.005,2015.8,0.0081,2015.82,0.0026,2015.83,0.0026,2015.86,0.0051,2015.89,0.0851,2015.9,2.6471,2015.92,0.0026,2015.93,0.0128,2015.94,0.0026,2015.97,0.0051,2015.98,2.8202,2016.0,2.6483,2016.02,2.1991,2016.04,0.0049,2016.06,0.1006,2016.08,0.0025,2016.09,4.5706,2016.1,7.371,2016.12,17.5244,2016.13,0.2258
2025-03-09 18:16:21.954404,2015.895,0.004960821908969367,2015.89,92.5805,2015.88,0.2786,2015.86,0.0029,2015.82,0.0029,2015.81,0.0025,2015.8,29.8335,2015.79,6.75,2015.78,0.0025,2015.77,7.8162,2015.65,0.0029,2015.64,1.0075,2015.62,0.0298,2015.56,2.5403,2015.54,0.0038,2015.52,0.005,2015.51,8.4452,2015.48,1.3451,2015.47,1.2496,2015.46,0.08,2015.45,0.003,2015.9,17.7867,2015.92,0.0026,2015.93,0.0078,2015.94,0.0052,2015.97,0.0051,2015.98,0.7997,2016.0,2.6509,2016.02,3.3592,2016.04,0.0026,2016.06,0.0026,2016.08,0.0051,2016.09,4.5706,2016.1,7.3735,2016.12,5.2545,2016.13,0.0049,2016.16,0.005,2016.17,1.371,2016.18,0.1011,2016.19,0.0025,2016.2,2.6458
2025-03-09 18:16:22.053963,2015.895,0.0,2015.89,52.3461,2015.88,0.0311,2015.86,0.0029,2015.82,0.0029,2015.81,0.0025,2015.8,2.3449,2015.79,6.7549,2015.78,0.0025,2015.77,6.8112,2015.73,0.0246,2015.7,0.1406,2015.65,0.0029,2015.64,1.0075,2015.62,0.0052,2015.56,2.5403,2015.54,0.0038,2015.52,0.005,2015.51,8.4452,2015.48,1.3426,2015.46,0.08,2015.9,17.8175,2015.92,0.0026,2015.93,0.0078,2015.94,0.0052,2015.97,0.0051,2015.98,0.7997,2016.0,2.6509,2016.02,3.3592,2016.04,0.0276,2016.06,0.0026,2016.08,0.0051,2016.09,4.5706,2016.1,7.371,2016.12,1.2419,2016.13,0.0049,2016.16,0.005,2016.17,1.371,2016.18,0.1011,2016.19,0.0025,2016.2,2.6458
2025-03-09 18:16:22.154564,2015.895,0.0,2015.89,44.4997,2015.88,0.0106,2015.86,0.0029,2015.82,0.0029,2015.81,0.0025,2015.8,2.3449,2015.79,6.75,2015.78,0.0025,2015.77,6.8083,2015.73,0.0246,2015.68,0.0049,2015.65,0.0029,2015.64,1.0075,2015.62,0.0052,2015.56,2.5403,2015.54,0.0038,2015.52,0.005,2015.51,8.4456,2015.48,0.9736,2015.46,0.08,2015.9,19.0685,2015.92,0.0026,2015.93,0.0078,2015.94,0.0052,2015.97,0.0051,2015.98,0.7997,2016.0,2.6509,2016.02,3.3592,2016.04,0.0276,2016.05,17.3621,2016.06,0.0026,2016.08,0.0051,2016.09,7.5604,2016.1,7.371,2016.12,1.2419,2016.13,0.0049,2016.16,0.005,2016.17,1.371,2016.18,0.1011,2016.19,0.0025
2025-03-09 18:16:22.253845,2015.895,0.0,2015.89,51.2877,2015.88,0.0106,2015.86,0.0029,2015.82,3.2192,2015.81,17.3641,2015.8,2.3474,2015.79,6.7525,2015.77,6.8083,2015.73,0.0246,2015.68,0.0049,2015.65,0.0029,2015.64,1.0075,2015.62,0.0052,2015.58,0.0026,2015.56,2.5403,2015.54,0.0038,2015.52,0.005,2015.51,8.4481,2015.48,0.9736,2015.46,0.08,2015.9,3.837,2015.92,0.0026,2015.93,0.0078,2015.94,0.0052,2015.97,0.0051,2015.98,0.8022,2016.0,2.6509,2016.02,9.2983,2016.04,0.025,2016.06,0.0026,2016.08,0.0051,2016.09,7.5604,2016.1,7.3735,2016.12,1.2444,2016.13,0.0049,2016.16,0.005,2016.18,0.1011,2016.19,0.0025,2016.2,2.6458,2016.23,0.005
2025-03-09 18:16:22.354207,2016.125,0.011409324394376603,2016.12,83.8736,2016.11,24.6452,2016.1,0.0025,2016.09,12.4868,2016.08,1.0029,2016.04,0.0025,2016.0,60.9791,2015.99,6.7525,2015.96,1.0054,2015.92,0.9905,2015.9,20.7706,2015.89,2.4638,2015.86,0.005,2015.82,3.2163,2015.8,3.785,2015.79,0.0026,2015.77,6.8058,2015.75,0.0246,2015.74,0.0088,2015.64,1.005,2016.13,0.0051,2016.19,0.0076,2016.2,2.6471,2016.23,0.0125,2016.24,0.0078,2016.25,0.3051,2016.26,0.0126,2016.27,7.0383,2016.28,3.1953,2016.3,4.8306,2016.31,0.0099,2016.36,0.005,2016.37,0.3043,2016.39,0.6425,2016.4,4.8336,2016.41,0.0025,2016.42,0.1458,2016.44,1.2669,2016.46,4.729,2016.5,12.7182
2025-03-09 18:16:22.454002,2016.3049999999998,0.008928017856027592,2016.3,54.4428,2016.29,0.3344,2016.27,16.7515,2016.22,8.4793,2016.2,47.5325,2016.19,0.7264,2016.16,0.0029,2016.12,4.3119,2016.11,0.0049,2016.08,1.0025,2016.01,18.2962,2016.0,8.5566,2015.99,6.7525,2015.96,1.0025,2015.94,0.0088,2015.93,0.0052,2015.92,0.9905,2015.9,0.9696,2015.89,1.04,2015.86,0.005,2016.31,0.0236,2016.36,0.0076,2016.39,0.0052,2016.4,3.2374,2016.41,0.0051,2016.42,0.1484,2016.44,0.0076,2016.47,0.1033,2016.5,6.651,2016.52,0.0051,2016.53,0.0151,2016.54,0.2072,2016.55,0.0052,2016.56,0.003,2016.57,0.2019,2016.58,0.0049,2016.6,8.9358,2016.63,0.0025,2016.67,0.3029,2016.68,0.008
2025-03-09 18:16:22.554474,2016.545,0.011902961109566087,2016.54,83.619,2016.53,0.0348,2016.51,0.0025,2016.5,7.2651,2016.49,14.5,2016.46,0.0029,2016.41,0.0025,2016.4,45.0948,2016.39,4.6451,2016.32,0.0049,2016.3,12.1595,2016.27,0.0029,2016.24,0.0102,2016.23,0.0246,2016.22,8.4764,2016.19,0.7239,2016.14,0.0088,2016.12,2.9157,2016.08,1.0,2016.05,0.005,2016.55,0.0108,2016.56,0.0056,2016.59,0.0051,2016.6,2.6471,2016.63,0.0051,2016.67,0.1038,2016.68,0.0076,2016.7,2.6616,2016.71,15.3389,2016.74,0.2076,2016.76,0.2026,2016.77,1.2203,2016.78,0.005,2016.8,0.5021,2016.82,4.7383,2016.83,15.7732,2016.85,0.0025,2016.86,0.0052,2016.87,0.3026,2016.88,0.005
2025-03-09 18:16:22.654536,2016.5949999999998,0.00247948843193319,2016.59,91.6868,2016.58,0.014,2016.56,0.9935,2016.55,33.711,2016.54,1.4269,2016.52,0.0026,2016.5,16.9744,2016.49,7.7554,2016.46,0.0029,2016.4,0.9454,2016.39,3.9212,2016.34,0.0088,2016.32,1.237,2016.3,3.5747,2016.24,0.0102,2016.23,0.0246,2016.22,7.7525,2016.14,0.0088,2016.12,2.8907,2016.08,1.2024,2016.6,0.0105,2016.63,0.0051,2016.67,0.0052,2016.68,0.0026,2016.69,0.0051,2016.7,2.6471,2016.71,0.0026,2016.74,0.0051,2016.76,0.5208,2016.77,0.0051,2016.78,0.0076,2016.8,0.5021,2016.82,4.7358,2016.83,0.0025,2016.85,0.0025,2016.86,0.0052,2016.87,0.106,2016.88,0.005,2016.9,0.0026,2016.91,0.8543
2025-03-09 18:16:22.753886,2016.6950000000002,0.004958853909702435,2016.69,33.9866,2016.68,0.0107,2016.66,0.0029,2016.6,35.0242,2016.59,1.404,2016.56,0.9905,2016.54,0.0278,2016.52,0.0295,2016.5,2.6136,2016.49,6.7525,2016.46,0.0029,2016.44,0.005,2016.39,0.0025,2016.34,0.0088,2016.3,2.5776,2016.24,0.0102,2016.22,7.75,2016.18,4.9312,2016.14,0.0088,2016.13,0.8672,2016.7,51.0007,2016.71,0.0026,2016.74,0.0051,2016.76,0.0026,2016.77,0.0026,2016.78,0.0026,2016.8,0.5047,2016.85,0.0301,2016.86,0.0078,2016.87,0.0026,2016.88,0.0076,2016.9,0.0026,2016.91,6.75,2016.94,0.005,2016.95,0.0028,2016.96,0.0025,2016.97,0.1056,2016.99,1.2198,2017.0,2.131,2017.03,0.003
2025-03-09 18:16:22.853892,2016.6950000000002,0.0,2016.69,15.1883,2016.68,0.0107,2016.63,0.0029,2016.61,10.5073,2016.6,0.0026,2016.59,0.0054,2016.56,0.9905,2016.54,0.0278,2016.52,0.0295,2016.5,2.6136,2016.49,6.75,2016.44,0.005,2016.39,0.0025,2016.38,0.08,2016.34,0.0088,2016.31,0.0026,2016.3,2.5751,2016.25,0.0123,2016.24,0.0102,2016.22,7.75,2016.7,38.0542,2016.71,0.0026,2016.74,0.0051,2016.79,0.0026,2016.8,0.5022,2016.85,0.0301,2016.86,0.0078,2016.87,0.0026,2016.88,0.0076,2016.9,0.0052,2016.91,6.7526,2016.94,0.005,2016.95,0.0028,2016.96,0.0025,2016.97,0.1056,2016.99,1.2198,2017.0,0.0038,2017.03,0.003,2017.04,0.2069,2017.05,0.0204
2025-03-09 18:16:22.953805,2016.6950000000002,0.0,2016.69,38.156,2016.68,0.0107,2016.63,0.0029,2016.6,0.0026,2016.59,0.0029,2016.56,0.9905,2016.54,0.0278,2016.52,0.0295,2016.51,0.0029,2016.5,2.6136,2016.49,6.7525,2016.44,0.005,2016.38,0.08,2016.34,0.0088,2016.31,0.0026,2016.3,2.5751,2016.25,0.0123,2016.24,0.0349,2016.23,19.784,2016.22,7.75,2016.7,1.2599,2016.71,0.0052,2016.74,0.0051,2016.79,0.0026,2016.8,3.1467,2016.85,0.0301,2016.86,0.0078,2016.87,0.0026,2016.88,0.0125,2016.9,2.1728,2016.91,0.0026,2016.94,0.005,2016.95,0.0028,2016.96,0.0025,2016.97,0.1007,2017.0,0.0038,2017.03,0.003,2017.04,0.2069,2017.05,0.0204,2017.06,0.0026
2025-03-09 18:16:23.053902,2016.875,0.008925494435194031,2016.87,79.1434,2016.86,2.9171,2016.84,0.7294,2016.82,0.0078,2016.81,0.0029,2016.8,6.5082,2016.79,8.4739,2016.76,0.0029,2016.75,0.0025,2016.7,25.4828,2016.69,3.33,2016.62,0.005,2016.56,0.9955,2016.55,0.0052,2016.54,0.0316,2016.51,0.0029,2016.5,2.6136,2016.49,9.1527,2016.44,0.005,2016.38,0.08,2016.88,0.0109,2016.89,0.0026,2016.9,0.0026,2016.91,0.0026,2016.94,0.0026,2016.95,0.0026,2016.96,0.0026,2016.97,0.0026,2017.0,0.0026,2017.03,0.0056,2017.05,0.0178,2017.06,0.0026,2017.07,0.0025,2017.1,2.647,2017.14,0.0123,2017.15,0.1252,2017.17,0.0052,2017.18,0.0174,2017.22,0.2018,2017.24,0.003
2025-03-09 18:16:23.154844,2017.0949999999998,0.010907964053290357,2017.09,91.6888,2017.06,0.0029,2017.04,3.003,2017.03,0.0029,2017.0,2.642,2016.98,0.7239,2016.92,0.0049,2016.88,33.7102,2016.87,7.7929,2016.86,0.0052,2016.84,0.0075,2016.81,0.0029,2016.8,9.3779,2016.79,4.0321,2016.74,0.005,2016.73,18.3033,2016.7,15.0871,2016.69,3.3275,2016.62,0.005,2016.6,0.003,2017.1,3.1483,2017.14,0.0149,2017.15,0.0026,2017.17,0.0078,2017.18,0.015,2017.2,2.6446,2017.22,0.0026,2017.24,0.0026,2017.25,0.0026,2017.28,0.0076,2017.29,0.0025,2017.31,6.75,2017.35,0.565,2017.36,0.0026,2017.37,0.1011,2017.4,0.0063,2017.41,0.4956,2017.42,0.0038,2017.43,0.9943,2017.44,0.201
2025-03-09 18:16:23.253940,2017.0949999999998,0.0,2017.09,24.8855,2017.06,0.0029,2017.05,1.6974,2017.04,10.5798,2017.03,0.0029,2017.0,2.642,2016.98,0.7239,2016.92,0.0295,2016.89,12.4751,2016.88,0.5406,2016.87,6.788,2016.86,0.0052,2016.84,0.0075,2016.81,0.0029,2016.8,9.3779,2016.79,3.0321,2016.74,0.0088,2016.73,18.3033,2016.72,0.1406,2016.7,6.75,2017.1,22.8805,2017.14,0.0149,2017.15,0.0026,2017.17,0.0078,2017.18,0.015,2017.19,0.796,2017.2,3.6326,2017.22,0.0026,2017.24,0.0026,2017.25,0.0276,2017.28,0.0076,2017.29,0.0025,2017.3,1.8089,2017.31,6.75,2017.33,1.4653,2017.35,0.005,2017.36,0.0026,2017.37,0.1011,2017.38,0.0049,2017.4,0.0063
2025-03-09 18:16:23.353884,2017.0949999999998,0.0,2017.09,13.9542,2017.08,0.0102,2017.0,2.642,2016.98,0.0025,2016.92,0.0246,2016.91,0.0026,2016.9,2.6445,2016.89,2.2252,2016.87,0.0179,2016.86,0.0052,2016.84,0.005,2016.8,12.0199,2016.79,3.0321,2016.77,0.0029,2016.74,0.0088,2016.73,18.3058,2016.7,6.75,2016.69,0.0558,2016.68,17.3565,2016.62,0.005,2017.1,24.2839,2017.12,17.3558,2017.14,0.0149,2017.15,0.0052,2017.17,0.0078,2017.18,0.015,2017.19,0.8034,2017.2,3.6351,2017.22,0.0026,2017.24,0.0026,2017.25,0.0276,2017.28,0.0076,2017.29,0.0025,2017.3,1.8114,2017.31,6.7525,2017.33,1.4653,2017.35,0.005,2017.37,0.1011,2017.4,0.0063,2017.41,0.4956
2025-03-09 18:16:23.453804,2017.0949999999998,0.0,2017.09,52.238,2017.08,0.0102,2017.07,0.0029,2017.05,2.4027,2017.04,0.0029,2017.03,0.0029,2017.01,0.7951,2017.0,2.6445,2016.97,0.0078,2016.92,0.0246,2016.91,0.7959,2016.9,2.6445,2016.89,0.7989,2016.86,0.0052,2016.84,0.005,2016.8,9.1502,2016.79,0.0025,2016.77,0.0029,2016.74,25.687,2016.73,18.3033,2017.1,0.9924,2017.13,0.0052,2017.14,0.0149,2017.15,0.0052,2017.17,0.0078,2017.18,0.015,2017.19,0.0026,2017.2,0.0051,2017.22,0.0026,2017.24,0.0026,2017.25,0.0276,2017.28,0.005,2017.29,0.0025,2017.3,2.6445,2017.35,0.005,2017.36,0.5626,2017.37,0.1011,2017.4,0.0025,2017.41,0.4956,2017.42,0.7972
2025-03-09 18:16:23.554064,2017.275,0.008923724465148695,2017.27,51.3086,2017.26,0.0139,2017.25,0.0029,2017.22,13.9705,2017.21,16.0629,2017.2,3.63,2017.19,0.0049,2017.13,0.0025,2017.11,2.0888,2017.1,18.5086,2017.09,21.1345,2017.06,0.0025,2017.05,2.4027,2017.04,0.0246,2017.01,0.005,2017.0,2.642,2016.94,0.0038,2016.91,0.7984,2016.9,12.5356,2016.89,0.7964,2017.28,0.0026,2017.29,0.0051,2017.3,0.0051,2017.37,0.1037,2017.4,2.6496,2017.41,0.4982,2017.44,0.2036,2017.45,0.0076,2017.47,0.2051,2017.48,0.0078,2017.49,0.0026,2017.5,0.005,2017.51,0.0025,2017.55,2.2684,2017.56,0.4956,2017.58,0.304,2017.6,0.0088,2017.62,0.0025,2017.66,0.0076,2017.71,5.2689
2025-03-09 18:16:23.654485,2017.4450000000002,0.00842720997385447,2017.44,89.2715,2017.43,69.719,2017.42,17.3502,2017.4,2.642,2017.39,3.0345,2017.37,0.0025,2017.36,7.7554,2017.33,0.0029,2017.3,2.6445,2017.29,27.0159,2017.27,6.1578,2017.25,0.0029,2017.22,0.0025,2017.21,1.0025,2017.2,3.6325,2017.19,1.2601,2017.18,0.005,2017.17,0.0052,2017.14,0.0038,2017.11,5.2915,2017.45,0.0101,2017.47,0.0026,2017.48,0.0078,2017.49,0.0052,2017.5,0.0076,2017.51,0.0026,2017.55,0.0026,2017.56,0.4982,2017.6,2.6496,2017.62,0.0051,2017.66,0.005,2017.7,2.642,2017.71,0.2238,2017.73,0.0025,2017.74,0.7611,2017.75,0.005,2017.76,2.0277,2017.79,0.0052,2017.8,0.0038,2017.83,6.5245
2025-03-09 18:16:23.753868,2017.5549999999998,0.005452441082640299,2017.55,64.7983,2017.54,0.2807,2017.52,0.0029,2017.51,0.0074,2017.5,2.642,2017.49,1.0029,2017.47,0.0025,2017.46,24.0998,2017.45,63.2692,2017.44,4.2397,2017.43,1.0029,2017.42,0.0025,2017.4,2.6445,2017.36,10.1552,2017.34,0.0038,2017.33,0.0029,2017.3,13.7722,2017.27,4.1644,2017.21,1.0,2017.2,3.63,2017.56,0.4931,2017.6,2.6521,2017.62,0.0051,2017.66,0.0076,2017.7,2.6471,2017.71,0.0026,2017.73,0.0051,2017.75,0.0076,2017.79,0.0078,2017.8,0.2085,2017.83,2.9275,2017.84,0.9923,2017.85,0.005,2017.86,0.0025,2017.88,0.9895,2017.89,0.9993,2017.92,0.2039,2017.93,0.0099,2017.95,0.0075,2017.99,17.3454
2025-03-09 18:16:23.854139,2017.795,0.011895586489599366,2017.79,63.2287,2017.78,0.0025,2017.76,0.0029,2017.75,6.75,2017.73,0.0029,2017.72,0.0025,2017.7,2.642,2017.69,0.0025,2017.67,1.0025,2017.66,44.6841,2017.62,0.0025,2017.61,1.0074,2017.6,43.0434,2017.59,7.4764,2017.55,3.4763,2017.54,0.0038,2017.52,0.0079,2017.5,2.642,2017.49,1.0,2017.48,0.0052,2017.8,1.9008,2017.83,0.0026,2017.84,0.0051,2017.85,0.0026,2017.87,0.0826,2017.89,0.0149,2017.9,2.6471,2017.91,0.2048,2017.92,0.2065,2017.93,0.0125,2017.95,0.0101,2017.98,5.2978,2018.0,2.6458,2018.01,0.005,2018.02,17.7341,2018.06,0.0025,2018.07,14.4239,2018.08,0.0025,2018.09,6.75,2018.1,5.9118
2025-03-09 18:16:23.953963,2017.8249999999998,0.0014867714510019769,2017.82,90.3878,2017.81,0.0116,2017.8,18.5799,2017.79,8.9516,2017.76,0.0029,2017.73,0.0055,2017.7,2.6445,2017.67,1.0025,2017.66,12.9163,2017.65,0.0245,2017.63,2.4027,2017.61,1.0025,2017.6,3.4406,2017.59,7.4764,2017.55,2.2841,2017.54,0.0038,2017.52,0.005,2017.5,20.9478,2017.49,1.0,2017.48,7.8702,2017.83,0.0051,2017.84,0.0052,2017.85,0.0026,2017.87,0.0826,2017.89,0.0149,2017.9,0.0026,2017.91,0.0026,2017.92,0.0078,2017.93,0.0125,2017.95,0.0076,2017.98,0.025,2018.0,2.642,2018.01,0.005,2018.06,0.0025,2018.1,0.0274,2018.13,0.0026,2018.15,0.2016,2018.17,0.2851,2018.2,0.0088,2018.25,0.0247
2025-03-09 18:16:24.054479,2018.0549999999998,0.011398411656115779,2018.05,79.2282,2018.03,0.0026,2018.01,37.7063,2018.0,2.6445,2017.99,3.4817,2017.96,0.0029,2017.93,0.0029,2017.92,0.0049,2017.9,2.6445,2017.84,0.9905,2017.83,32.6963,2017.82,7.9554,2017.8,2.6376,2017.79,1.0337,2017.74,0.0088,2017.7,2.6445,2017.67,1.0055,2017.66,1.7603,2017.65,0.0245,2017.64,0.005,2018.06,0.0051,2018.08,0.0026,2018.1,0.0078,2018.13,0.0026,2018.15,0.0026,2018.17,0.0851,2018.2,2.6559,2018.26,2.7399,2018.27,0.0076,2018.28,0.0051,2018.3,5.5039,2018.32,0.005,2018.34,0.1065,2018.35,1.5646,2018.36,0.005,2018.37,0.0049,2018.39,0.5625,2018.4,0.0038,2018.41,0.0052,2018.44,0.2022
2025-03-09 18:16:24.154914,2017.8249999999998,-0.01139711256630856,2017.82,48.9821,2017.81,1.603,2017.8,0.0026,2017.79,0.0026,2017.74,0.0064,2017.7,2.6446,2017.67,0.0026,2017.66,1.0322,2017.65,0.0245,2017.64,0.005,2017.62,0.0025,2017.61,6.9514,2017.6,8.832,2017.57,2.4804,2017.56,0.0123,2017.54,0.0038,2017.52,0.005,2017.51,2.743,2017.5,2.6445,2017.49,2.4779,2017.83,17.8257,2017.84,0.0051,2017.85,0.0026,2017.9,2.6446,2017.98,0.025,2018.04,0.2658,2018.06,0.8347,2018.08,0.0025,2018.17,0.0025,2018.19,4.14,2018.2,7.8031,2018.25,0.826,2018.27,0.0123,2018.28,0.0025,2018.3,2.6445,2018.34,0.731,2018.35,1.3606,2018.36,0.005,2018.39,0.0025,2018.4,0.0038
2025-03-09 18:16:24.254469,2017.8249999999998,0.0,2017.82,10.4125,2017.81,0.1614,2017.74,0.0038,2017.71,0.7959,2017.7,2.6471,2017.67,0.0026,2017.66,1.9688,2017.65,0.0245,2017.64,0.005,2017.61,6.75,2017.6,4.9117,2017.56,0.0123,2017.54,0.0038,2017.52,0.005,2017.51,0.0025,2017.5,5.6741,2017.48,5.481,2017.42,0.005,2017.4,8.5154,2017.37,0.008,2017.83,46.6555,2017.84,0.0026,2017.85,0.0026,2017.9,2.652,2017.95,0.0051,2017.98,0.0276,2018.01,0.0026,2018.04,0.0026,2018.05,2.4811,2018.06,0.0025,2018.08,0.005,2018.17,0.0025,2018.18,0.005,2018.2,8.7942,2018.23,0.2017,2018.26,0.2024,2018.27,0.0123,2018.28,0.0075,2018.3,2.642,2018.34,0.0888
2025-03-09 18:16:24.353857,2017.605,-0.010902828540621705,2017.6,6.052,2017.59,0.0177,2017.56,0.0149,2017.54,0.0064,2017.51,1.7047,2017.5,2.6445,2017.49,1.4101,2017.48,0.0052,2017.42,0.005,2017.4,8.5129,2017.37,0.005,2017.35,0.0028,2017.34,0.0285,2017.3,2.6495,2017.29,0.0025,2017.27,11.3678,2017.24,0.085,2017.23,0.2027,2017.21,29.7295,2017.2,12.8193,2017.61,51.991,2017.62,9.7157,2017.63,7.7551,2017.67,0.2609,2017.7,15.2088,2017.71,1.0051,2017.72,0.2684,2017.75,3.9491,2017.78,0.0075,2017.8,2.6471,2017.81,0.0026,2017.82,15.0142,2017.83,12.7893,2017.84,0.993,2017.86,0.03,2017.9,2.6445,2017.95,0.0025,2017.96,0.005,2018.0,0.0038,2018.04,0.7466
2025-03-09 18:16:24.456796,2017.1950000000002,-0.020321123312038506,2017.19,0.2697,2017.18,0.0219,2017.09,0.0025,2017.08,0.005,2017.02,0.0558,2017.01,0.2069,2016.99,0.0025,2016.97,0.0025,2016.96,0.0025,2016.94,0.0838,2016.91,0.2097,2016.89,4.2787,2016.88,0.3022,2016.86,0.0052,2016.85,0.0025,2016.84,0.005,2016.81,0.003,2016.76,11.8095,2016.75,4.9207,2016.74,14.8774,2017.2,57.9972,2017.21,15.9128,2017.22,0.0025,2017.27,0.9,2017.28,9.2191,2017.3,0.2683,2017.31,2.4052,2017.32,0.0051,2017.35,0.0051,2017.4,4.1471,2017.41,1.0051,2017.5,0.0049,2017.52,0.0026,2017.56,0.0076,2017.6,26.3516,2017.61,11.7456,2017.63,1.0025,2017.66,0.005,2017.7,4.7061,2017.71,1.0
2025-03-09 18:16:24.554082,2017.185,-0.0004957378934717903,2017.18,0.013,2017.17,0.0108,2017.09,0.0026,2017.08,0.0026,2017.06,0.0026,2017.02,0.0558,2017.01,0.0296,2017.0,0.0052,2016.94,0.08,2016.91,0.0076,2016.9,3.2893,2016.88,3.1891,2016.86,0.0052,2016.84,0.005,2016.8,2.6445,2016.76,11.8094,2016.75,0.0028,2016.74,0.0211,2016.7,6.7525,2016.69,3.6782,2017.19,53.6434,2017.2,14.0781,2017.21,9.1552,2017.22,1.2324,2017.23,0.0049,2017.25,0.0026,2017.28,0.0052,2017.3,11.4747,2017.31,2.4026,2017.35,0.0026,2017.4,4.1508,2017.41,1.0025,2017.43,18.3058,2017.44,1.4734,2017.45,0.005,2017.5,0.003,2017.51,0.0025,2017.56,0.005,2017.57,14.4239,2017.58,37.9035
2025-03-09 18:16:24.653939,2016.9450000000002,-0.011897768424799001,2016.94,33.3486,2016.9,5.9339,2016.88,3.1942,2016.86,0.0052,2016.8,2.6445,2016.76,11.8094,2016.75,0.0028,2016.74,0.0211,2016.7,9.3945,2016.69,3.6807,2016.65,0.0026,2016.64,0.08,2016.62,0.0099,2016.61,4.9226,2016.6,5.5286,2016.56,1.033,2016.55,0.0052,2016.54,0.0038,2016.52,0.0025,2016.5,14.4758,2016.95,15.6672,2017.0,13.6163,2017.01,0.0026,2017.02,0.0026,2017.03,0.0026,2017.09,0.0026,2017.11,0.0026,2017.12,0.0026,2017.18,24.6781,2017.19,5.9072,2017.2,5.0931,2017.21,0.0025,2017.27,0.005,2017.29,0.0025,2017.3,11.2089,2017.31,1.2152,2017.36,0.201,2017.37,6.755,2017.39,0.0123,2017.4,4.1483
2025-03-09 18:16:24.753786,2016.9450000000002,0.0,2016.94,30.3826,2016.91,2.7719,2016.9,2.6501,2016.88,3.1942,2016.86,0.0052,2016.8,2.6445,2016.77,0.0246,2016.76,2.0354,2016.75,0.0028,2016.74,0.0211,2016.7,9.3945,2016.69,1.5165,2016.65,0.0026,2016.64,0.08,2016.63,0.0025,2016.62,0.005,2016.61,22.2773,2016.6,0.0025,2016.56,1.033,2016.55,0.0052,2016.95,5.7664,2016.97,0.0052,2016.99,0.0026,2017.0,2.6446,2017.01,0.0026,2017.02,0.0026,2017.03,0.0026,2017.1,2.642,2017.11,0.025,2017.17,7.4034,2017.18,0.0051,2017.19,0.0529,2017.2,2.6831,2017.21,2.8278,2017.27,0.005,2017.29,0.0025,2017.3,3.1791,2017.36,0.201,2017.37,6.755,2017.39,0.0123
2025-03-09 18:16:24.853829,2016.9650000000001,0.0009915986801812549,2016.96,85.4774,2016.95,15.5992,2016.94,14.5105,2016.91,0.029,2016.9,2.6445,2016.89,1.7532,2016.88,0.0051,2016.86,0.0052,2016.8,2.6445,2016.77,0.0246,2016.76,2.0354,2016.75,0.0028,2016.74,0.0236,2016.7,9.3945,2016.69,6.5291,2016.65,0.0026,2016.64,0.08,2016.63,0.0025,2016.62,0.005,2016.61,4.9201,2016.97,0.0081,2016.99,0.0052,2017.0,2.6476,2017.01,0.0026,2017.02,0.0026,2017.03,0.0026,2017.07,0.0051,2017.1,2.6471,2017.18,0.0051,2017.19,0.8375,2017.2,3.5299,2017.21,0.0025,2017.27,0.005,2017.29,0.0025,2017.3,3.1816,2017.36,0.2036,2017.37,0.005,2017.39,6.7623,2017.4,2.6508,2017.42,5.9362
2025-03-09 18:16:24.953881,2016.9650000000001,0.0,2016.96,33.4482,2016.94,0.0051,2016.91,0.029,2016.9,2.642,2016.88,0.0051,2016.86,0.0052,2016.8,2.6445,2016.79,0.0246,2016.76,2.0354,2016.75,0.0028,2016.74,0.0236,2016.7,9.3945,2016.69,1.5165,2016.65,0.0026,2016.64,0.08,2016.63,0.0025,2016.62,0.005,2016.61,4.9201,2016.57,9.8936,2016.56,1.033,2016.97,20.1037,2016.99,0.0026,2017.0,2.6476,2017.01,0.0026,2017.02,0.0026,2017.03,0.0026,2017.07,0.0051,2017.09,0.7967,2017.1,2.6445,2017.13,0.025,2017.17,0.0052,2017.18,6.7551,2017.19,0.8375,2017.2,3.6711,2017.21,0.0025,2017.27,0.005,2017.29,0.0025,2017.3,3.1791,2017.34,2.1934,2017.36,0.201
2025-03-09 18:16:25.053817,2016.9650000000001,0.0,2016.96,7.0435,2016.95,0.3264,2016.9,0.0026,2016.88,0.0026,2016.86,0.0052,2016.81,0.7959,2016.8,2.6445,2016.79,0.0246,2016.76,2.0354,2016.75,0.0028,2016.74,0.0211,2016.7,9.3945,2016.69,1.5165,2016.65,0.0026,2016.64,0.08,2016.63,0.0025,2016.62,0.005,2016.61,4.9226,2016.58,3.2814,2016.56,1.033,2016.97,20.8794,2016.99,19.1926,2017.0,2.6501,2017.01,0.0026,2017.02,0.0026,2017.03,0.0026,2017.07,0.0051,2017.09,0.0026,2017.1,2.6445,2017.13,0.025,2017.17,0.0052,2017.18,7.3902,2017.19,0.0326,2017.2,3.6413,2017.27,0.005,2017.29,0.0025,2017.3,3.1816,2017.34,2.1934,2017.36,0.201,2017.37,0.005
2025-03-09 18:16:25.154376,2016.9650000000001,0.0,2016.96,37.7481,2016.95,0.0334,2016.94,0.0026,2016.9,2.642,2016.88,0.0026,2016.86,0.0052,2016.82,1.0321,2016.81,0.0025,2016.8,2.6445,2016.79,0.0246,2016.76,2.0354,2016.75,0.0028,2016.74,0.0211,2016.7,9.3945,2016.69,1.5165,2016.65,0.0026,2016.64,0.08,2016.63,0.0025,2016.62,0.005,2016.61,4.9201,2016.97,18.9575,2016.98,0.0051,2016.99,17.3647,2017.0,2.6471,2017.01,0.0026,2017.02,0.0026,2017.03,0.0026,2017.07,0.0051,2017.09,0.0026,2017.1,2.6446,2017.13,0.025,2017.17,3.3244,2017.18,2.8303,2017.19,0.0326,2017.2,3.6413,2017.27,0.005,2017.29,0.0025,2017.3,3.1816,2017.34,2.1934,2017.36,0.201
2025-03-09 18:16:25.253717,2016.9650000000001,0.0,2016.96,41.5859,2016.95,0.0116,2016.94,0.0026,2016.91,0.7951,2016.9,2.6445,2016.88,0.0026,2016.86,0.0052,2016.82,1.0346,2016.8,2.6445,2016.79,0.0246,2016.76,2.0354,2016.75,0.0028,2016.74,0.0211,2016.7,9.3945,2016.69,1.514,2016.65,0.0026,2016.64,0.08,2016.63,0.0025,2016.62,0.005,2016.61,4.9201,2016.97,0.0429,2016.98,0.0026,2016.99,0.0052,2017.0,2.6446,2017.01,0.0026,2017.02,0.0026,2017.03,0.0026,2017.07,0.0076,2017.09,0.0026,2017.1,2.6471,2017.13,0.025,2017.17,1.694,2017.18,2.8303,2017.19,0.0326,2017.2,2.6508,2017.25,0.0025,2017.27,0.005,2017.29,0.0025,2017.3,3.1791,2017.36,0.2036
2025-03-09 18:16:25.353780,2017.1550000000002,0.009420094052204899,2017.15,87.1505,2017.14,0.011,2017.1,13.4057,2017.09,1.7264,2017.02,8.4764,2017.0,46.738,2016.96,11.936,2016.9,2.6445,2016.87,17.3574,2016.86,0.0052,2016.82,1.0592,2016.8,2.6445,2016.76,2.0354,2016.75,0.0028,2016.74,0.0211,2016.7,9.3945,2016.69,1.514,2016.67,0.0246,2016.65,0.0026,2016.64,0.08,2017.16,0.0056,2017.17,0.0078,2017.18,0.0051,2017.19,0.0352,2017.2,0.0051,2017.23,0.0026,2017.27,0.0076,2017.29,0.0051,2017.3,2.6471,2017.36,0.0026,2017.37,0.005,2017.38,2.8232,2017.39,0.0123,2017.4,2.6508,2017.43,0.0247,2017.45,0.005,2017.46,3.0303,2017.47,1.3621,2017.48,4.7352,2017.49,0.2029
2025-03-09 18:16:25.453935,2017.295,0.006940468134569364,2017.29,60.5129,2017.28,0.003,2017.26,0.003,2017.2,3.63,2017.16,26.6807,2017.15,1.0758,2017.14,0.0026,2017.1,18.3821,2017.09,0.0025,2017.04,0.005,2017.02,1.0025,2017.0,7.0187,2016.96,7.7525,2016.94,0.0088,2016.9,2.642,2016.88,6.0103,2016.86,0.0052,2016.84,0.005,2016.82,0.0276,2016.8,2.642,2017.3,31.3817,2017.36,0.0026,2017.37,0.0026,2017.38,0.0051,2017.39,0.8101,2017.4,2.6509,2017.43,0.0026,2017.45,2.8066,2017.48,0.0077,2017.5,0.005,2017.51,28.2298,2017.52,0.0028,2017.56,0.005,2017.57,14.4239,2017.58,0.0025,2017.59,14.8859,2017.6,5.4737,2017.61,6.75,2017.62,0.0025,2017.65,0.005
2025-03-09 18:16:25.553835,2017.295,0.0,2017.29,0.0139,2017.28,0.0106,2017.27,0.0026,2017.15,0.0249,2017.12,0.0246,2017.06,0.0026,2017.04,0.005,2017.0,2.6445,2016.94,0.0088,2016.9,2.6445,2016.88,0.7982,2016.86,0.0052,2016.84,0.005,2016.82,0.003,2016.8,2.6445,2016.76,2.0354,2016.75,0.0028,2016.74,0.0236,2016.71,34.6474,2016.7,9.392,2017.3,46.9467,2017.32,17.3566,2017.36,0.0026,2017.37,0.0026,2017.38,0.0026,2017.39,0.8126,2017.4,2.6534,2017.43,0.0026,2017.45,0.0326,2017.48,0.0078,2017.5,0.0076,2017.51,10.4244,2017.52,0.0028,2017.56,37.911,2017.57,14.4264,2017.59,14.8859,2017.6,5.4762,2017.61,6.75,2017.62,0.0025,2017.65,0.005
2025-03-09 18:16:25.654531,2017.045,-0.012392832976832838,2017.04,28.9135,2017.03,0.0142,2017.01,0.0078,2017.0,2.642,2016.92,0.0026,2016.91,0.799,2016.9,2.642,2016.86,0.0052,2016.85,3.0314,2016.84,0.005,2016.81,0.7959,2016.8,2.6445,2016.76,12.9681,2016.75,0.0028,2016.74,0.0211,2016.73,0.1014,2016.7,9.3945,2016.69,6.8783,2016.65,0.0026,2016.64,0.08,2017.05,17.2342,2017.06,7.8679,2017.07,17.3726,2017.1,2.6471,2017.15,0.729,2017.16,3.1478,2017.17,0.729,2017.18,0.0051,2017.2,2.6471,2017.26,0.2609,2017.27,46.9016,2017.28,0.2658,2017.29,0.0025,2017.3,10.4418,2017.31,6.2508,2017.39,0.0123,2017.4,2.6483,2017.45,0.03,2017.47,2.619,2017.48,0.0052
2025-03-09 18:16:25.754486,2017.045,0.0,2017.04,40.4747,2017.03,0.0117,2017.02,0.0026,2017.01,1.0356,2017.0,2.6445,2016.9,2.6445,2016.87,0.0246,2016.86,1.9507,2016.85,3.0339,2016.84,0.005,2016.8,2.6445,2016.76,2.0354,2016.75,0.0028,2016.74,0.0211,2016.73,0.1014,2016.7,9.3945,2016.69,1.514,2016.65,0.0026,2016.64,0.08,2016.63,0.0025,2017.05,0.013,2017.06,0.0026,2017.07,0.0139,2017.1,2.6446,2017.15,0.0026,2017.16,0.0026,2017.17,0.0051,2017.18,0.0051,2017.2,2.6471,2017.21,0.025,2017.26,17.2089,2017.27,2.8871,2017.29,0.0025,2017.3,5.3693,2017.39,0.0123,2017.4,2.6508,2017.45,0.005,2017.46,0.7888,2017.48,0.0052,2017.5,0.005
2025-03-09 18:16:25.853875,2017.045,0.0,2017.04,49.4888,2017.03,0.0117,2017.02,0.0026,2017.01,1.0356,2017.0,2.6445,2016.9,2.6445,2016.87,0.0246,2016.86,1.9507,2016.85,0.0025,2016.84,0.005,2016.81,17.3554,2016.8,2.6445,2016.76,2.0354,2016.75,0.0028,2016.74,0.0211,2016.73,0.1014,2016.7,9.3945,2016.69,1.514,2016.65,0.0026,2016.64,0.08,2017.05,0.013,2017.06,0.0314,2017.07,0.014,2017.1,0.0026,2017.11,0.0026,2017.15,0.0026,2017.16,0.0026,2017.17,0.0051,2017.18,0.0051,2017.2,2.6446,2017.21,0.025,2017.26,0.0051,2017.27,2.8871,2017.29,0.0025,2017.3,2.6959,2017.31,17.3512,2017.39,0.0123,2017.4,2.6483,2017.45,0.005,2017.48,0.0052
2025-03-09 18:16:25.953932,2017.295,0.012394368990280335,2017.29,77.2641,2017.28,2.4057,2017.27,4.6494,2017.26,7.7525,2017.25,15.0475,2017.2,11.5956,2017.14,1.7264,2017.1,2.6445,2017.05,19.0826,2017.04,13.349,2017.0,2.6445,2016.99,0.0246,2016.94,0.0088,2016.91,0.7959,2016.9,2.6445,2016.89,0.003,2016.88,0.101,2016.86,5.7645,2016.85,0.0025,2016.84,0.005,2017.3,0.0158,2017.39,0.0149,2017.4,2.6526,2017.45,0.0076,2017.48,0.0078,2017.5,0.0076,2017.51,0.0051,2017.52,0.0054,2017.55,20.9666,2017.56,0.0076,2017.57,0.0026,2017.6,5.4762,2017.62,0.0025,2017.65,0.2069,2017.66,0.005,2017.7,4.1128,2017.72,6.75,2017.73,0.0025,2017.76,0.2078,2017.79,0.0052
2025-03-09 18:16:26.053897,2017.395,0.004957133190728626,2017.39,74.4487,2017.38,2.3813,2017.35,0.003,2017.3,63.0104,2017.29,4.8811,2017.28,0.0025,2017.26,0.0025,2017.2,4.9438,2017.17,0.0052,2017.14,1.7352,2017.1,2.6445,2017.06,10.5253,2017.05,3.1291,2017.04,9.1918,2017.02,2.481,2017.0,2.6445,2016.99,0.0246,2016.94,0.0088,2016.92,9.8961,2016.91,0.818,2017.4,35.614,2017.46,0.0052,2017.48,0.0078,2017.5,2.6471,2017.51,0.0051,2017.52,0.0026,2017.54,0.0026,2017.55,0.0026,2017.56,0.0026,2017.6,3.5185,2017.61,6.75,2017.62,0.0025,2017.65,0.005,2017.66,0.005,2017.67,4.2021,2017.7,5.3444,2017.73,0.0025,2017.75,0.56,2017.76,0.005,2017.79,0.0052
2025-03-09 18:16:26.154666,2017.395,0.0,2017.39,45.2687,2017.38,0.0115,2017.37,0.0026,2017.35,0.003,2017.31,18.9056,2017.3,4.1314,2017.29,0.7264,2017.22,0.0246,2017.2,4.9438,2017.17,0.0052,2017.14,0.7352,2017.1,2.6445,2017.07,8.394,2017.05,0.7264,2017.04,6.755,2017.02,0.0025,2017.0,2.642,2016.96,0.0025,2016.94,0.0088,2016.93,4.1418,2017.4,22.8404,2017.41,17.3585,2017.46,0.0026,2017.47,0.028,2017.48,0.0104,2017.49,0.7966,2017.5,2.6471,2017.51,0.0051,2017.52,0.0026,2017.54,0.0026,2017.55,0.0026,2017.56,0.0276,2017.6,6.6337,2017.61,6.7525,2017.62,0.0025,2017.65,0.005,2017.66,0.005,2017.67,4.2046,2017.7,3.8736,2017.73,0.0025
2025-03-09 18:16:26.253817,2017.395,0.0,2017.39,41.4885,2017.38,0.009,2017.37,0.0026,2017.35,0.003,2017.32,6.9111,2017.31,0.0025,2017.3,4.1314,2017.29,0.7264,2017.22,0.0246,2017.2,4.9438,2017.17,0.0052,2017.14,0.7352,2017.1,2.642,2017.08,5.556,2017.07,0.0025,2017.05,3.756,2017.04,6.755,2017.02,0.0025,2017.0,2.642,2016.97,17.3541,2017.4,28.6355,2017.41,17.3585,2017.42,0.0026,2017.46,0.0026,2017.47,0.0306,2017.48,0.0104,2017.49,0.7966,2017.5,2.6471,2017.51,0.0051,2017.52,0.0026,2017.54,0.0026,2017.55,0.0026,2017.56,0.025,2017.59,1.1447,2017.6,6.6337,2017.61,6.7525,2017.62,0.0025,2017.65,0.005,2017.66,0.005,2017.67,4.2021
2025-03-09 18:16:26.353919,2017.395,0.0,2017.39,5.7535,2017.38,0.011,2017.37,0.0026,2017.31,0.0025,2017.3,2.6445,2017.29,0.7264,2017.22,0.0246,2017.21,1.0898,2017.2,4.9438,2017.17,0.0052,2017.15,2.9489,2017.14,0.7352,2017.1,2.642,2017.08,2.8206,2017.07,0.0025,2017.05,3.756,2017.04,6.755,2017.02,0.0025,2017.0,2.642,2016.98,8.9703,2017.4,45.5946,2017.41,17.3555,2017.42,0.0052,2017.44,0.0026,2017.46,0.0026,2017.47,0.0306,2017.48,0.0104,2017.49,0.7992,2017.5,2.6471,2017.51,0.0051,2017.56,0.025,2017.59,1.1447,2017.6,6.6337,2017.61,6.75,2017.62,0.0025,2017.65,0.005,2017.66,0.005,2017.7,3.4396,2017.73,0.0025,2017.76,0.005
2025-03-09 18:16:26.453811,2017.395,0.0,2017.39,5.743,2017.38,0.011,2017.37,0.0026,2017.31,0.0025,2017.3,2.6445,2017.29,0.7264,2017.22,0.0246,2017.21,1.0898,2017.2,4.9438,2017.17,0.0052,2017.15,2.9489,2017.14,0.7352,2017.1,2.642,2017.08,2.8206,2017.07,0.0025,2017.05,3.756,2017.04,6.755,2017.02,0.0025,2017.0,2.642,2016.98,0.796,2017.4,32.1395,2017.41,17.3585,2017.42,0.0052,2017.44,0.0026,2017.46,0.0026,2017.47,0.0306,2017.48,0.0104,2017.49,0.7992,2017.5,2.6471,2017.51,0.0051,2017.56,0.0276,2017.59,1.1447,2017.6,4.8016,2017.61,6.75,2017.62,0.0025,2017.65,0.005,2017.66,0.005,2017.7,3.4396,2017.73,0.0025,2017.76,0.005
2025-03-09 18:16:26.553776,2017.395,0.0,2017.39,44.4711,2017.37,0.0026,2017.31,0.0025,2017.3,2.642,2017.29,0.0025,2017.22,0.0246,2017.21,1.0898,2017.2,4.9413,2017.17,0.0052,2017.15,2.9489,2017.14,0.0113,2017.1,2.642,2017.08,2.8206,2017.07,0.0025,2017.05,3.0321,2017.04,6.755,2017.02,0.0025,2017.0,2.642,2016.98,0.796,2016.96,0.0025,2017.4,9.7882,2017.41,0.0026,2017.42,0.0052,2017.44,0.0026,2017.46,0.0026,2017.47,0.0026,2017.48,0.0104,2017.49,0.7992,2017.5,2.6471,2017.51,0.0051,2017.56,0.025,2017.6,4.7991,2017.61,6.75,2017.62,0.0025,2017.65,0.005,2017.66,0.005,2017.7,3.4396,2017.73,0.0025,2017.76,0.005,2017.79,0.0052
2025-03-09 18:16:26.653741,2017.395,0.0,2017.39,44.4741,2017.31,1.9843,2017.3,2.645,2017.29,0.0025,2017.22,0.0246,2017.21,1.0898,2017.2,4.9413,2017.17,0.0052,2017.14,0.0113,2017.1,2.642,2017.08,2.8206,2017.07,0.0025,2017.05,3.0321,2017.04,6.755,2017.02,0.0025,2017.0,2.642,2016.98,0.796,2016.96,0.0025,2016.94,0.0088,2016.9,2.692,2017.4,9.7882,2017.41,0.0026,2017.42,17.3558,2017.44,0.0026,2017.46,0.0026,2017.47,0.0026,2017.48,0.0104,2017.49,0.7992,2017.5,2.6471,2017.51,0.0051,2017.55,0.025,2017.6,4.7991,2017.62,0.0025,2017.65,0.005,2017.66,0.005,2017.7,3.4396,2017.73,0.0025,2017.76,0.005,2017.79,0.0052,2017.8,2.6458
2025-03-09 18:16:26.753783,2017.395,0.0,2017.39,44.4796,2017.32,1.3943,2017.31,1.1917,2017.3,2.6445,2017.22,0.0246,2017.21,1.0923,2017.2,4.4301,2017.17,0.0052,2017.14,0.0088,2017.1,2.6445,2017.08,2.8231,2017.07,0.0025,2017.05,3.0321,2017.04,6.7575,2017.0,2.6445,2016.98,0.7985,2016.96,0.0025,2016.94,0.0088,2016.91,29.7295,2016.9,2.6945,2017.4,4.129,2017.41,0.0026,2017.42,0.0052,2017.44,0.0026,2017.46,0.0026,2017.47,0.0026,2017.48,0.0104,2017.49,0.0026,2017.5,2.6471,2017.51,0.0051,2017.52,0.0029,2017.55,0.025,2017.59,0.7992,2017.6,3.4546,2017.62,0.0025,2017.65,0.005,2017.66,0.005,2017.7,3.4396,2017.73,0.0025,2017.76,0.005
2025-03-09 18:16:26.853920,2017.395,0.0,2017.39,54.5355,2017.32,1.3918,2017.31,0.0025,2017.3,2.6445,2017.22,0.0246,2017.21,1.0923,2017.2,4.4301,2017.17,0.0052,2017.14,0.0088,2017.1,2.6445,2017.08,2.9031,2017.07,0.0025,2017.05,3.0321,2017.04,6.7575,2017.0,2.6445,2016.98,9.6336,2016.96,0.0025,2016.94,0.0088,2016.91,29.7295,2016.9,2.692,2017.4,3.704,2017.41,0.0026,2017.42,0.0026,2017.44,0.0026,2017.46,0.0055,2017.47,0.0026,2017.48,0.0104,2017.49,0.7967,2017.5,2.6446,2017.51,0.0051,2017.52,0.0055,2017.55,0.025,2017.58,0.6331,2017.59,0.0025,2017.6,3.4521,2017.62,0.0025,2017.65,0.005,2017.66,0.005,2017.67,0.0029,2017.7,3.4396
2025-03-09 18:16:26.953830,2017.395,0.0,2017.39,54.5379,2017.33,1.2146,2017.31,0.0025,2017.3,2.6445,2017.22,0.0246,2017.21,1.0923,2017.2,4.4301,2017.17,0.0052,2017.14,0.0088,2017.13,17.3526,2017.1,2.6445,2017.08,2.9031,2017.07,0.0051,2017.05,3.0321,2017.04,6.7575,2017.0,2.6445,2016.98,9.6311,2016.96,0.0025,2016.94,0.0088,2016.91,29.7295,2017.4,3.7119,2017.41,0.0026,2017.42,0.0026,2017.44,0.0026,2017.46,0.0055,2017.47,0.0026,2017.48,0.0104,2017.49,0.7967,2017.5,2.6446,2017.51,0.0051,2017.52,0.0055,2017.55,0.025,2017.59,0.0025,2017.6,3.4521,2017.62,0.0025,2017.65,0.005,2017.66,0.005,2017.67,0.0029,2017.7,4.4299,2017.72,2.4315
2025-03-09 18:16:27.053795,2017.395,0.0,2017.39,50.8003,2017.33,0.799,2017.31,0.0025,2017.3,2.6445,2017.22,0.0246,2017.21,1.0923,2017.2,9.5361,2017.17,0.0052,2017.16,0.003,2017.14,0.0088,2017.13,17.3526,2017.1,2.6445,2017.08,2.9031,2017.07,0.0051,2017.05,3.0321,2017.04,6.7575,2017.0,2.6445,2016.98,9.6311,2016.96,0.0025,2016.94,0.0088,2017.4,6.6095,2017.41,0.0026,2017.42,0.0055,2017.44,0.0026,2017.46,0.0055,2017.47,0.0055,2017.48,0.0104,2017.49,0.7967,2017.5,2.6446,2017.51,0.0051,2017.52,0.0026,2017.55,0.025,2017.59,0.0025,2017.6,3.4521,2017.62,0.0025,2017.65,0.005,2017.66,0.005,2017.67,0.0029,2017.7,4.4299,2017.72,2.4315
2025-03-09 18:16:27.155725,2017.395,0.0,2017.39,0.6052,2017.37,0.0026,2017.36,0.137,2017.33,0.799,2017.3,0.0025,2017.29,0.0026,2017.22,0.0246,2017.21,1.0923,2017.2,9.5361,2017.17,0.0052,2017.16,0.003,2017.14,0.0088,2017.1,2.6445,2017.08,2.9031,2017.07,0.0051,2017.05,3.0321,2017.04,6.7575,2017.0,2.6445,2016.98,9.6311,2016.96,0.0025,2017.4,49.9906,2017.41,0.0026,2017.42,0.0055,2017.44,0.0026,2017.46,0.0055,2017.47,0.0055,2017.48,0.0104,2017.49,0.7967,2017.5,2.6446,2017.51,0.0051,2017.53,0.0055,2017.55,0.025,2017.59,0.7992,2017.6,3.4521,2017.61,6.75,2017.62,0.0025,2017.64,3.0392,2017.65,0.005,2017.66,0.005,2017.67,0.0029
2025-03-09 18:16:27.253752,2017.395,0.0,2017.39,33.2076,2017.37,0.0111,2017.35,0.0026,2017.34,0.0052,2017.33,0.0026,2017.3,2.642,2017.25,0.1068,2017.22,0.0302,2017.21,1.0923,2017.2,4.4301,2017.17,0.0052,2017.16,0.003,2017.14,0.0088,2017.1,2.6445,2017.08,2.9031,2017.07,0.0026,2017.05,3.0321,2017.04,6.7575,2017.0,2.6445,2016.98,9.6311,2017.4,30.788,2017.41,0.0026,2017.42,0.0055,2017.44,0.0026,2017.46,0.0055,2017.47,0.0055,2017.48,0.0104,2017.49,0.7992,2017.5,2.6471,2017.51,0.0051,2017.53,0.0055,2017.55,0.025,2017.59,0.7992,2017.6,6.2901,2017.62,0.0025,2017.65,0.005,2017.66,0.005,2017.67,0.0029,2017.7,3.4396,2017.73,0.0025
2025-03-09 18:16:27.353752,2017.395,0.0,2017.39,45.4965,2017.37,0.0137,2017.31,0.7981,2017.3,2.6445,2017.25,0.1068,2017.22,0.0302,2017.21,1.0923,2017.2,4.4301,2017.17,0.0052,2017.16,0.003,2017.14,0.0088,2017.1,2.6445,2017.08,2.9031,2017.07,0.0026,2017.05,3.0321,2017.04,6.7575,2017.0,2.6445,2016.98,9.6311,2016.96,0.0025,2016.94,0.0088,2017.4,0.6678,2017.41,0.0026,2017.42,0.0026,2017.44,0.0026,2017.46,0.0026,2017.47,0.0026,2017.48,0.0104,2017.49,0.0026,2017.5,2.6446,2017.51,0.0026,2017.53,0.0026,2017.55,0.025,2017.59,0.0025,2017.6,2.6544,2017.62,0.0025,2017.66,0.005,2017.7,3.4396,2017.73,0.0025,2017.75,0.56,2017.76,0.005
2025-03-09 18:16:27.454067,2017.6950000000002,0.014870662413666233,2017.69,87.2868,2017.67,0.0109,2017.65,2.6385,2017.64,7.9147,2017.62,6.7525,2017.6,15.6235,2017.5,26.9205,2017.49,1.0025,2017.48,0.0052,2017.4,17.3303,2017.39,12.0604,2017.34,0.0038,2017.32,0.0246,2017.3,2.6445,2017.25,0.1118,2017.22,0.0056,2017.21,1.0923,2017.2,4.4306,2017.17,0.0052,2017.16,0.003,2017.7,0.0055,2017.73,0.0051,2017.75,0.0026,2017.76,0.0076,2017.79,0.804,2017.8,2.6509,2017.81,3.4346,2017.84,0.0174,2017.86,0.0876,2017.9,2.6471,2017.92,0.0055,2017.95,10.0524,2017.96,0.005,2017.97,0.0025,2017.98,12.4728,2018.0,1.4914,2018.01,0.2014,2018.02,0.005,2018.05,1.2099,2018.06,0.0204
2025-03-09 18:16:27.556744,2017.955,0.012885991192908914,2017.95,25.0556,2017.94,30.4765,2017.93,0.0112,2017.92,0.0025,2017.91,5.665,2017.88,0.0025,2017.85,0.7264,2017.84,0.988,2017.83,0.0075,2017.8,2.6445,2017.78,0.0025,2017.72,0.0025,2017.7,33.7429,2017.69,4.3864,2017.62,6.75,2017.6,10.7182,2017.58,0.005,2017.54,0.0038,2017.5,7.8427,2017.48,0.0052,2017.96,58.3629,2017.97,0.0026,2017.98,0.0026,2018.0,2.6471,2018.01,0.0026,2018.02,0.0076,2018.03,0.0026,2018.05,0.0051,2018.06,0.023,2018.07,0.0051,2018.08,0.005,2018.1,2.6497,2018.17,0.0025,2018.18,0.005,2018.2,2.6483,2018.21,1.8794,2018.22,4.73,2018.27,0.2058,2018.28,0.0198,2018.3,0.2018
2025-03-09 18:16:27.653946,2017.955,0.0,2017.95,19.9269,2017.94,3.0175,2017.93,0.0243,2017.9,2.642,2017.85,0.0026,2017.84,0.9905,2017.83,0.005,2017.8,2.6445,2017.78,0.0246,2017.74,6.7563,2017.71,10.1254,2017.7,7.89,2017.69,3.1356,2017.6,5.0,2017.58,0.005,2017.54,0.0038,2017.51,0.1037,2017.5,2.642,2017.48,0.0052,2017.47,0.008,2017.96,19.8505,2017.97,0.0026,2017.99,0.8149,2018.0,2.6471,2018.01,0.0026,2018.02,0.0026,2018.03,0.0026,2018.04,0.0026,2018.05,0.0026,2018.06,0.0051,2018.07,0.0026,2018.08,0.005,2018.1,2.6497,2018.11,0.025,2018.13,0.0029,2018.17,6.755,2018.18,0.005,2018.19,0.797,2018.2,2.6483,2018.21,1.8769
2025-03-09 18:16:27.753989,2017.955,0.0,2017.95,34.4741,2017.94,1.8967,2017.93,0.0243,2017.9,2.6445,2017.84,0.9905,2017.8,2.6445,2017.78,0.0246,2017.75,7.4315,2017.74,6.7538,2017.71,0.0025,2017.7,2.647,2017.69,0.0025,2017.6,2.6445,2017.58,0.005,2017.54,0.0038,2017.51,0.1037,2017.5,2.642,2017.48,0.0052,2017.47,0.008,2017.43,1.419,2017.96,9.9437,2017.97,0.0026,2017.98,0.0026,2017.99,0.8149,2018.0,2.6471,2018.01,0.0026,2018.02,0.0026,2018.03,0.0026,2018.04,0.0026,2018.05,0.0055,2018.06,0.0051,2018.07,0.0026,2018.08,0.005,2018.1,2.6472,2018.11,0.025,2018.16,3.0616,2018.17,0.0025,2018.18,0.005,2018.19,0.0025,2018.2,2.6458
2025-03-09 18:16:27.854028,2017.955,0.0,2017.95,54.7907,2017.94,1.8967,2017.9,2.6475,2017.84,0.9905,2017.8,2.6445,2017.78,0.0246,2017.75,2.0294,2017.74,6.7563,2017.7,2.6495,2017.64,0.08,2017.63,17.3484,2017.6,2.6445,2017.58,0.005,2017.54,0.0038,2017.51,0.1037,2017.5,2.6445,2017.48,0.0052,2017.47,0.008,2017.43,2.5665,2017.42,4.73,2017.96,7.6464,2017.99,1.5067,2018.0,2.6501,2018.01,0.0026,2018.02,0.0026,2018.03,0.0026,2018.04,0.0052,2018.05,0.0055,2018.06,0.0051,2018.07,0.0026,2018.08,0.005,2018.1,2.6497,2018.11,0.0279,2018.16,0.7967,2018.17,0.005,2018.18,0.005,2018.2,2.6458,2018.23,0.0029,2018.28,0.0198,2018.31,0.08
2025-03-09 18:16:27.954034,2017.955,0.0,2017.95,68.037,2017.94,1.8967,2017.9,2.6475,2017.84,0.9905,2017.8,2.6445,2017.78,0.0246,2017.76,17.3498,2017.75,2.0294,2017.74,6.7563,2017.7,2.6495,2017.64,5.287,2017.6,2.6445,2017.58,0.005,2017.54,0.0038,2017.51,0.8996,2017.5,2.6445,2017.48,0.0052,2017.47,0.008,2017.43,2.5665,2017.42,4.73,2017.96,0.1073,2017.99,0.0026,2018.0,0.0026,2018.01,0.0026,2018.02,0.0026,2018.03,0.0026,2018.04,0.0052,2018.05,0.0055,2018.06,0.0051,2018.07,0.0026,2018.08,0.005,2018.1,2.6497,2018.11,0.025,2018.17,0.0025,2018.18,0.005,2018.2,2.6458,2018.23,0.0029,2018.28,0.0198,2018.31,0.08,2018.33,3.3853
2025-03-09 18:16:28.054050,2018.0949999999998,0.006937716648779218,2018.09,96.3627,2018.0,2.645,2017.98,6.753,2017.96,19.9789,2017.95,1.0263,2017.94,0.0025,2017.92,0.0245,2017.9,2.6445,2017.85,1.0905,2017.84,0.9955,2017.8,2.642,2017.79,0.0052,2017.77,7.2318,2017.75,0.0025,2017.74,6.7563,2017.71,17.3477,2017.7,2.647,2017.65,1.7857,2017.64,0.085,2017.62,0.0025,2018.1,17.8821,2018.11,0.0026,2018.14,0.0055,2018.15,0.0026,2018.17,0.008,2018.18,0.0026,2018.19,0.7963,2018.2,19.9906,2018.23,0.0029,2018.25,0.025,2018.28,0.0224,2018.31,6.8326,2018.33,3.3878,2018.34,11.9059,2018.35,1.3702,2018.36,0.005,2018.38,37.906,2018.39,0.0103,2018.4,2.422,2018.41,0.0052
2025-03-09 18:16:28.155665,2018.0949999999998,0.0,2018.09,96.8813,2018.01,8.3788,2018.0,2.6475,2017.99,2.8291,2017.98,6.7525,2017.95,1.0288,2017.92,0.0245,2017.9,2.6445,2017.85,1.093,2017.84,18.3421,2017.8,2.6445,2017.79,0.0052,2017.77,7.2343,2017.74,6.7563,2017.7,2.6495,2017.66,1.3571,2017.65,0.1129,2017.64,0.085,2017.62,0.0025,2017.6,2.642,2018.1,0.0081,2018.11,0.0026,2018.12,0.0026,2018.14,0.0026,2018.15,0.0026,2018.17,0.0051,2018.18,0.0026,2018.19,5.9031,2018.2,2.6446,2018.23,0.0026,2018.25,0.0276,2018.26,0.0025,2018.28,0.0224,2018.31,0.08,2018.33,2.8278,2018.34,11.9088,2018.35,1.3702,2018.36,0.005,2018.39,0.0103,2018.4,1.5783
2025-03-09 18:16:28.253881,2018.185,0.004459651304826855,2018.18,91.1854,2018.1,36.042,2018.09,9.6767,2018.01,0.0245,2018.0,2.6445,2017.99,2.8291,2017.95,1.0288,2017.94,17.3495,2017.93,0.005,2017.9,2.6445,2017.85,6.1622,2017.84,0.9955,2017.8,2.6445,2017.79,0.0052,2017.77,2.8242,2017.75,0.003,2017.74,6.8569,2017.7,2.647,2017.66,0.8527,2017.65,0.0123,2018.19,12.2727,2018.2,2.6476,2018.22,0.0026,2018.23,0.0026,2018.25,0.0026,2018.26,0.0029,2018.28,0.0174,2018.3,2.6471,2018.31,0.0826,2018.32,1.2948,2018.33,2.8304,2018.34,0.1193,2018.35,1.3728,2018.36,0.005,2018.39,0.0103,2018.4,0.0038,2018.41,0.0052,2018.45,0.0038,2018.46,0.005,2018.48,0.988
2025-03-09 18:16:28.354026,2018.225,0.001981978857238738,2018.22,88.036,2018.21,0.0025,2018.2,10.2248,2018.19,39.1654,2018.18,1.0303,2018.15,17.3439,2018.11,0.0025,2018.1,3.4452,2018.09,6.7525,2018.01,0.0245,2018.0,2.6445,2017.99,5.9575,2017.95,1.0025,2017.94,0.0038,2017.93,0.005,2017.9,2.6445,2017.85,1.093,2017.84,0.9955,2017.8,2.6445,2017.79,0.0052,2018.23,0.0081,2018.25,0.0052,2018.26,0.0026,2018.28,0.0174,2018.29,0.0052,2018.3,0.0026,2018.31,0.0826,2018.33,0.0052,2018.34,0.0914,2018.35,1.3703,2018.36,0.005,2018.39,0.0053,2018.4,0.0025,2018.41,0.0052,2018.45,0.0038,2018.46,0.005,2018.5,2.6445,2018.51,0.56,2018.56,0.0076,2018.58,0.04
2025-03-09 18:16:28.453772,2018.3449999999998,0.005945818726846157,2018.34,108.6632,2018.3,2.645,2018.23,43.3279,2018.22,8.2331,2018.2,20.6316,2018.19,3.0321,2018.18,1.0303,2018.15,0.0025,2018.1,3.4504,2018.09,6.7575,2018.05,0.0245,2018.0,2.6445,2017.99,1.1042,2017.96,0.49,2017.95,10.8961,2017.94,0.0038,2017.93,0.005,2017.91,2.5807,2017.9,2.642,2017.88,0.0247,2018.35,1.3735,2018.36,0.0026,2018.38,0.0026,2018.39,0.0026,2018.4,0.0051,2018.41,0.0078,2018.46,0.0076,2018.5,2.6496,2018.52,0.0029,2018.53,0.0026,2018.56,0.0102,2018.58,0.04,2018.59,2.8253,2018.6,0.0038,2018.61,0.0025,2018.66,0.005,2018.67,17.3396,2018.69,0.0178,2018.71,7.7277,2018.72,0.0077
2025-03-09 18:16:28.553929,2018.495,0.007431831525338383,2018.49,87.1008,2018.48,1.988,2018.41,0.0025,2018.4,17.6895,2018.39,68.6895,2018.38,0.005,2018.34,9.1524,2018.3,2.6445,2018.24,19.1879,2018.22,0.0025,2018.2,3.5549,2018.19,0.0246,2018.18,1.0279,2018.14,0.0038,2018.1,5.3776,2018.09,6.755,2018.06,0.101,2018.05,0.0245,2018.01,0.003,2018.0,2.642,2018.5,0.498,2018.52,0.0026,2018.53,0.0026,2018.56,0.0102,2018.58,0.0426,2018.59,0.0026,2018.6,0.0026,2018.61,0.0051,2018.64,0.0026,2018.66,0.0101,2018.7,2.642,2018.72,0.0077,2018.76,0.005,2018.8,0.0138,2018.81,5.7658,2018.83,0.0025,2018.84,2.8426,2018.88,0.0029,2018.9,10.6779,2018.91,12.269
2025-03-09 18:16:28.654660,2018.795,0.014862558490369404,2018.79,67.9291,2018.78,1.0,2018.75,0.0025,2018.7,29.3524,2018.69,14.5272,2018.6,2.6445,2018.54,0.0284,2018.52,0.0245,2018.5,28.5246,2018.49,6.1079,2018.48,1.9905,2018.44,0.005,2018.43,2.4052,2018.41,0.0052,2018.4,28.8275,2018.38,0.005,2018.34,9.1612,2018.3,2.6445,2018.29,18.3033,2018.27,0.003,2018.8,1.0032,2018.81,0.0026,2018.83,0.0051,2018.84,0.0199,2018.85,0.0026,2018.9,0.0055,2018.91,0.0026,2018.94,0.0101,2018.95,0.0055,2018.98,0.0168,2019.03,0.0052,2019.04,0.005,2019.05,0.0025,2019.09,0.005,2019.1,0.0025,2019.12,0.988,2019.14,0.0034,2019.15,2.8402,2019.16,0.0025,2019.18,0.2016
2025-03-09 18:16:28.754056,2018.9050000000002,0.0054487949494687335,2018.9,95.181,2018.89,5.3048,2018.88,0.0051,2018.87,1.0,2018.83,0.0025,2018.8,29.5316,2018.79,11.3569,2018.74,2.4052,2018.72,0.0246,2018.71,0.9931,2018.7,3.4379,2018.69,7.7525,2018.65,0.005,2018.6,2.6445,2018.58,0.1406,2018.56,0.003,2018.54,0.0088,2018.52,34.6744,2018.51,8.5599,2018.5,9.97,2018.91,0.0051,2018.94,0.0101,2018.95,0.0055,2019.0,0.0026,2019.01,0.0029,2019.03,0.0078,2019.04,0.0076,2019.05,0.0051,2019.06,0.0055,2019.09,0.0076,2019.1,2.6471,2019.11,1.2151,2019.14,0.0034,2019.15,0.0149,2019.16,0.0025,2019.2,0.0064,2019.24,13.7661,2019.25,0.005,2019.27,0.0025,2019.28,0.2023
2025-03-09 18:16:28.854616,2019.0949999999998,0.009411042124300044,2019.09,61.5071,2019.0,2.6475,2018.94,0.0246,2018.91,25.6961,2018.9,26.8977,2018.87,1.0025,2018.84,0.005,2018.8,4.7027,2018.79,11.3569,2018.74,2.414,2018.72,0.0052,2018.7,3.4379,2018.69,7.7525,2018.68,9.8961,2018.66,0.1013,2018.65,0.005,2018.6,2.642,2018.59,0.08,2018.58,0.1406,2018.56,0.003,2019.1,2.6552,2019.11,0.0026,2019.13,0.0055,2019.14,0.006,2019.15,0.0125,2019.16,0.0051,2019.2,2.6497,2019.23,0.0055,2019.24,0.0026,2019.25,0.0026,2019.26,0.0276,2019.27,0.0025,2019.29,0.0178,2019.3,10.6301,2019.31,0.005,2019.32,2.3275,2019.34,17.2544,2019.36,0.0078,2019.38,0.0054,2019.4,0.0038
2025-03-09 18:16:28.953876,2019.0949999999998,0.0,2019.09,60.5121,2019.01,0.7998,2019.0,2.6475,2018.94,0.0246,2018.92,12.3252,2018.91,0.5973,2018.9,17.8576,2018.87,1.0025,2018.84,0.005,2018.8,4.7027,2018.79,11.3271,2018.74,2.414,2018.72,0.0052,2018.7,6.3386,2018.69,7.7525,2018.68,9.8961,2018.66,0.1013,2018.65,0.005,2018.6,20.9453,2018.59,0.08,2019.1,12.2976,2019.11,0.0026,2019.13,0.0055,2019.14,0.006,2019.15,0.0125,2019.16,0.008,2019.19,0.0025,2019.2,2.6497,2019.23,0.0026,2019.24,0.0026,2019.25,0.0026,2019.26,0.0276,2019.27,0.0025,2019.3,8.5257,2019.31,0.005,2019.32,2.3275,2019.34,2.8305,2019.36,0.0078,2019.38,0.0054,2019.4,0.0038
2025-03-09 18:16:29.054065,2019.0949999999998,0.0,2019.09,63.8189,2019.02,0.0263,2019.01,0.7998,2019.0,2.6445,2018.94,0.0246,2018.93,5.7811,2018.91,0.5973,2018.9,17.8576,2018.89,17.3376,2018.87,1.0025,2018.84,0.005,2018.8,3.3703,2018.79,11.3271,2018.74,2.414,2018.72,0.0052,2018.7,13.7928,2018.69,7.7525,2018.68,9.8936,2018.66,0.1013,2018.65,0.005,2019.1,12.2972,2019.11,0.0026,2019.12,0.0055,2019.13,0.0026,2019.14,0.006,2019.15,0.0125,2019.16,0.008,2019.19,0.0029,2019.2,2.6471,2019.23,0.0026,2019.24,0.0026,2019.25,0.0026,2019.26,0.025,2019.27,0.0025,2019.3,4.1985,2019.31,0.005,2019.32,2.3275,2019.34,2.8305,2019.36,0.0078,2019.38,0.0054
2025-03-09 18:16:29.155038,2018.9050000000002,-0.009410156530504997,2018.9,29.8773,2018.88,0.6989,2018.87,0.0029,2018.86,0.0109,2018.84,0.0029,2018.8,9.7073,2018.79,3.0321,2018.74,0.0088,2018.72,0.0052,2018.7,13.7903,2018.69,6.7554,2018.65,0.005,2018.61,0.0025,2018.6,2.6445,2018.59,0.08,2018.56,0.003,2018.54,11.8253,2018.53,4.7325,2018.52,34.6499,2018.51,3.1207,2018.91,27.4296,2018.92,0.0026,2018.94,1.5085,2018.95,0.0026,2018.97,0.0055,2018.99,0.7265,2019.0,2.6446,2019.02,0.0051,2019.03,0.7265,2019.07,0.0276,2019.09,12.2667,2019.1,19.9818,2019.12,0.9934,2019.14,0.0034,2019.15,0.0099,2019.16,0.0025,2019.17,0.005,2019.19,0.7941,2019.2,2.6484,2019.24,0.0029
2025-03-09 18:16:29.254039,2018.9050000000002,0.0,2018.9,30.0617,2018.89,0.6167,2018.88,0.0026,2018.86,0.0624,2018.84,0.0029,2018.8,6.4965,2018.74,0.0088,2018.72,0.0052,2018.7,5.4667,2018.69,6.7525,2018.66,0.0029,2018.65,0.005,2018.61,0.0025,2018.6,2.6445,2018.59,0.08,2018.57,3.0321,2018.56,0.003,2018.54,11.8282,2018.53,4.73,2018.52,34.6474,2018.91,21.2693,2018.93,1.4744,2018.94,0.0055,2018.95,17.3422,2018.97,0.0055,2018.99,0.729,2019.0,2.6471,2019.02,0.0026,2019.03,0.729,2019.05,0.0051,2019.07,0.025,2019.08,9.6771,2019.09,0.0297,2019.1,2.6494,2019.11,1.3395,2019.12,0.9909,2019.14,0.0034,2019.15,0.0099,2019.16,0.0025,2019.17,0.005
2025-03-09 18:16:29.353843,2018.9050000000002,0.0,2018.9,40.1181,2018.89,0.0054,2018.88,0.0026,2018.87,0.0566,2018.86,0.0026,2018.84,0.0029,2018.8,3.1805,2018.74,0.0088,2018.72,0.0297,2018.7,5.4667,2018.69,6.7525,2018.66,0.0029,2018.65,0.005,2018.61,0.0025,2018.6,2.6445,2018.59,0.08,2018.57,3.0321,2018.56,0.003,2018.54,11.8282,2018.53,4.73,2018.91,11.5792,2018.93,0.0052,2018.94,0.0051,2018.95,0.0077,2018.97,0.0055,2018.99,0.0051,2019.0,2.6471,2019.02,0.0026,2019.03,0.0026,2019.05,0.0051,2019.07,3.7345,2019.08,0.0025,2019.09,0.0297,2019.1,2.6445,2019.11,1.337,2019.12,0.0029,2019.14,0.0034,2019.15,0.0099,2019.16,0.0025,2019.17,0.005
2025-03-09 18:16:29.454911,2018.545,-0.017831448235559735,2018.54,7.7071,2018.53,11.522,2018.52,29.7295,2018.51,0.0108,2018.5,0.005,2018.48,0.9905,2018.41,0.0052,2018.4,6.6184,2018.39,0.0025,2018.35,0.005,2018.34,6.7613,2018.32,2.4759,2018.3,11.4999,2018.29,0.08,2018.28,0.0025,2018.27,0.0029,2018.25,0.0123,2018.24,0.0075,2018.23,7.3935,2018.22,0.2024,2018.55,33.5494,2018.57,2.6376,2018.58,0.7804,2018.6,2.6446,2018.61,0.008,2018.69,6.7526,2018.7,11.6049,2018.71,1.0301,2018.8,2.6484,2018.81,6.7526,2018.9,17.2567,2018.91,11.6533,2018.94,0.0025,2018.99,0.0025,2019.0,2.6458,2019.05,0.2053,2019.06,1.9234,2019.09,0.042,2019.1,3.8447,2019.12,7.738
2025-03-09 18:16:29.554504,2018.545,0.0,2018.54,6.4614,2018.52,0.0026,2018.51,0.2906,2018.48,0.9934,2018.41,0.0052,2018.36,0.0245,2018.34,6.7613,2018.3,2.6445,2018.29,0.08,2018.28,0.0025,2018.27,0.0029,2018.25,0.0123,2018.24,0.005,2018.23,4.9226,2018.22,0.2024,2018.2,2.642,2018.17,0.0025,2018.15,0.005,2018.14,0.0038,2018.13,0.8874,2018.55,45.9927,2018.57,6.2159,2018.58,0.7858,2018.6,2.6471,2018.61,0.0055,2018.69,6.7551,2018.7,11.6074,2018.71,1.0301,2018.78,0.0026,2018.8,9.8587,2018.83,0.0025,2018.89,0.5625,2018.9,6.94,2018.91,9.6508,2018.94,0.0025,2018.98,0.9933,2019.0,2.6533,2019.05,0.2053,2019.06,1.166,2019.09,0.3704
2025-03-09 18:16:29.653866,2018.545,0.0,2018.54,6.4614,2018.52,0.0026,2018.51,0.2877,2018.5,0.0026,2018.48,0.9905,2018.46,0.0029,2018.41,0.0052,2018.36,0.0274,2018.34,6.7613,2018.3,5.7162,2018.29,0.08,2018.28,0.0025,2018.27,0.0029,2018.25,0.0123,2018.24,0.005,2018.23,4.9226,2018.2,2.642,2018.17,0.0025,2018.15,0.005,2018.14,0.0038,2018.55,46.0096,2018.57,1.038,2018.58,0.7858,2018.59,20.8136,2018.6,2.6471,2018.61,0.0055,2018.68,5.5139,2018.69,6.7551,2018.7,11.6074,2018.71,1.0304,2018.72,0.0025,2018.78,0.0026,2018.8,4.9048,2018.83,0.0025,2018.89,0.5625,2018.9,6.94,2018.91,9.6508,2018.94,0.0025,2019.0,2.6508,2019.04,0.2017
2025-03-09 18:16:29.753871,2018.105,-0.021797879165441174,2018.1,54.8277,2018.09,12.2902,2018.08,0.0025,2018.07,0.0146,2018.06,0.0051,2018.01,29.7372,2018.0,2.642,2017.99,0.085,2017.98,0.0025,2017.97,8.1841,2017.96,7.8243,2017.95,9.8986,2017.94,0.0038,2017.93,4.734,2017.9,0.0025,2017.88,6.3959,2017.86,0.2026,2017.85,0.0025,2017.84,0.998,2017.81,3.1207,2018.11,23.3613,2018.14,0.7295,2018.17,0.0055,2018.2,5.6446,2018.21,0.0026,2018.24,0.0025,2018.29,0.0026,2018.3,9.2216,2018.31,1.0049,2018.36,0.005,2018.37,0.0029,2018.4,2.6458,2018.46,0.005,2018.47,0.025,2018.48,0.988,2018.5,2.642,2018.52,0.2658,2018.54,23.4132,2018.55,7.2671,2018.59,3.4683
2025-03-09 18:16:29.853991,2018.2849999999999,0.008919258413206265,2018.28,82.9636,2018.25,0.2544,2018.24,19.5872,2018.23,16.0654,2018.2,21.996,2018.16,1.0025,2018.13,6.7525,2018.11,8.3125,2018.1,15.444,2018.09,0.03,2018.06,0.0025,2018.01,29.732,2018.0,2.6445,2017.99,0.085,2017.97,8.1841,2017.95,0.0025,2017.94,0.0038,2017.93,0.0075,2017.88,1.2971,2017.84,0.9955,2018.29,0.5005,2018.3,2.6471,2018.31,0.0075,2018.36,0.0026,2018.37,0.0026,2018.4,2.6509,2018.41,0.0078,2018.46,0.0076,2018.47,1.1191,2018.5,2.6445,2018.53,11.0408,2018.55,2.867,2018.56,0.005,2018.59,0.0025,2018.6,2.6483,2018.61,0.2039,2018.66,0.005,2018.67,4.485,2018.69,0.0029,2018.7,2.642
2025-03-09 18:16:29.953965,2018.495,0.010404873444535157,2018.49,57.2618,2018.48,13.917,2018.46,0.0277,2018.44,1.0,2018.39,7.406,2018.36,0.0025,2018.35,6.75,2018.3,0.0025,2018.29,33.8923,2018.28,2.0103,2018.24,0.7264,2018.23,1.0,2018.2,6.7884,2018.16,1.0,2018.14,0.0088,2018.13,6.75,2018.1,13.4605,2018.09,0.03,2018.06,0.0025,2018.01,29.7295,2018.5,2.6472,2018.53,0.0026,2018.55,0.0443,2018.56,0.0026,2018.57,0.0051,2018.59,0.0026,2018.6,2.6509,2018.61,0.0051,2018.66,1.4835,2018.67,0.0174,2018.7,2.6446,2018.71,0.005,2018.72,0.0077,2018.79,0.2014,2018.8,2.6508,2018.82,0.2014,2018.83,0.0025,2018.84,0.005,2018.89,1.8393,2018.9,12.2275
2025-03-09 18:16:30.053966,2018.495,0.0,2018.49,61.9749,2018.48,7.7439,2018.46,0.1183,2018.44,1.0029,2018.43,17.3415,2018.4,4.2483,2018.36,0.0025,2018.35,6.75,2018.31,0.003,2018.3,12.2067,2018.29,1.0,2018.28,0.0103,2018.24,0.7314,2018.23,1.0,2018.21,2.4769,2018.2,3.7007,2018.17,0.0025,2018.16,1.0,2018.14,0.0088,2018.13,6.75,2018.5,2.6477,2018.53,0.0026,2018.55,0.0026,2018.56,0.0026,2018.57,0.0051,2018.59,0.0026,2018.6,2.6446,2018.61,0.0051,2018.66,0.0076,2018.67,0.0174,2018.7,2.6446,2018.71,0.005,2018.72,0.0077,2018.73,0.0029,2018.78,2.8253,2018.8,2.6508,2018.83,0.0025,2018.84,0.005,2018.87,3.1285,2018.89,1.3541
2025-03-09 18:16:30.154018,2018.495,0.0,2018.49,72.6221,2018.48,7.7439,2018.46,0.1209,2018.44,6.2054,2018.4,2.0274,2018.39,0.0029,2018.36,0.0025,2018.35,6.75,2018.31,0.0275,2018.3,2.1558,2018.29,1.0,2018.28,0.0054,2018.24,0.7314,2018.23,1.0,2018.21,2.4769,2018.2,2.6774,2018.17,0.0025,2018.16,1.0,2018.14,0.0088,2018.13,6.75,2018.5,2.6477,2018.53,0.0026,2018.55,0.0026,2018.56,0.0026,2018.57,0.0077,2018.59,0.0026,2018.6,2.6446,2018.61,0.0051,2018.64,0.0029,2018.66,0.0326,2018.67,0.0174,2018.7,2.6446,2018.71,0.005,2018.72,0.0077,2018.77,1.6428,2018.78,2.8253,2018.8,2.6508,2018.81,0.0029,2018.83,0.0025,2018.84,0.005
2025-03-09 18:16:30.253766,2018.565,0.0034679303144255357,2018.56,78.9976,2018.55,1.1159,2018.54,0.3234,2018.52,6.7551,2018.49,15.4425,2018.48,0.9934,2018.44,1.0054,2018.4,2.0299,2018.36,0.0029,2018.35,6.7525,2018.34,0.0038,2018.31,0.0275,2018.3,1.3456,2018.29,1.0,2018.28,0.0025,2018.24,0.0075,2018.23,1.0025,2018.21,2.4769,2018.2,2.6774,2018.17,0.0025,2018.57,0.0081,2018.59,0.0026,2018.6,2.6501,2018.61,0.008,2018.66,0.0076,2018.67,0.0149,2018.69,0.0052,2018.7,2.6471,2018.71,0.0076,2018.72,0.0103,2018.74,0.0029,2018.77,1.6479,2018.8,2.6533,2018.81,0.0029,2018.83,0.0025,2018.84,0.005,2018.86,0.9411,2018.87,3.131,2018.9,4.932,2018.93,4.729
2025-03-09 18:16:30.353790,2018.5949999999998,0.0014862043084936745,2018.59,70.3684,2018.58,0.003,2018.57,26.1811,2018.56,23.0823,2018.55,0.0029,2018.54,0.0026,2018.53,0.0029,2018.52,0.0026,2018.5,2.2038,2018.49,2.7374,2018.48,0.9934,2018.44,1.0025,2018.41,0.0245,2018.4,2.0299,2018.37,0.0025,2018.36,0.0029,2018.35,6.7525,2018.34,0.0088,2018.31,0.003,2018.3,1.3431,2018.6,2.655,2018.61,0.0026,2018.64,0.0055,2018.66,0.0026,2018.67,0.0149,2018.68,0.0026,2018.69,0.0052,2018.7,2.6471,2018.71,0.0076,2018.72,0.0103,2018.74,0.0029,2018.76,0.025,2018.8,2.6533,2018.81,0.0029,2018.83,17.3432,2018.84,0.005,2018.86,0.9411,2018.9,4.9295,2018.93,4.729,2018.94,0.0025
2025-03-09 18:16:30.453897,2018.5949999999998,0.0,2018.59,0.2453,2018.58,0.0026,2018.57,0.018,2018.56,0.0026,2018.5,0.0026,2018.49,0.0248,2018.44,0.0025,2018.41,0.0245,2018.4,2.0274,2018.38,6.75,2018.35,0.0054,2018.34,0.0088,2018.31,0.003,2018.3,4.1455,2018.28,0.0051,2018.24,0.005,2018.21,0.0029,2018.2,8.5391,2018.17,0.0025,2018.14,0.0088,2018.6,76.6844,2018.61,0.0026,2018.64,0.0026,2018.66,0.0026,2018.67,0.0149,2018.68,0.0026,2018.69,0.8022,2018.7,2.6471,2018.71,0.0076,2018.72,0.0103,2018.76,0.0279,2018.8,2.6508,2018.81,6.75,2018.82,5.2045,2018.83,0.0025,2018.84,0.005,2018.86,0.0025,2018.9,4.9295,2018.93,4.7319,2018.94,0.0025
2025-03-09 18:16:30.553951,2018.1750000000002,-0.020806551091210376,2018.17,6.4283,2018.15,0.0104,2018.14,7.5533,2018.09,0.03,2018.02,9.7115,2018.01,0.0028,2018.0,0.0025,2017.99,0.1095,2017.98,0.0029,2017.97,3.0332,2017.96,6.7525,2017.95,0.0025,2017.94,0.0038,2017.93,0.005,2017.9,0.2029,2017.88,1.2996,2017.84,1.0078,2017.8,14.8856,2017.79,0.0052,2017.78,0.0029,2018.18,67.9242,2018.2,3.3676,2018.21,1.0081,2018.25,0.0055,2018.29,0.0026,2018.3,2.6471,2018.33,0.0055,2018.34,0.0276,2018.39,6.7551,2018.4,0.0064,2018.43,0.005,2018.44,0.0055,2018.48,0.9905,2018.5,2.6593,2018.53,0.005,2018.56,60.0974,2018.57,9.5753,2018.58,0.2683,2018.6,13.8418,2018.61,0.0025
2025-03-09 18:16:30.654170,2018.1750000000002,0.0,2018.17,6.4258,2018.15,0.0155,2018.13,0.0026,2018.09,0.0329,2018.03,2.9204,2018.01,0.0028,2017.99,0.1095,2017.97,2.0951,2017.96,6.75,2017.95,2.8918,2017.94,0.0038,2017.93,0.005,2017.88,0.0029,2017.84,1.0103,2017.8,10.4955,2017.79,0.0052,2017.77,0.0075,2017.74,6.7563,2017.73,4.9493,2017.7,1.5736,2018.18,63.7083,2018.19,1.8149,2018.2,2.6501,2018.21,1.008,2018.25,3.8891,2018.29,0.0026,2018.3,2.6471,2018.33,0.0055,2018.34,0.0276,2018.38,2.031,2018.39,6.7576,2018.4,0.0064,2018.43,0.005,2018.44,0.0029,2018.47,1.0974,2018.48,0.9905,2018.5,2.6593,2018.53,0.005,2018.55,0.56,2018.57,9.5753
2025-03-09 18:16:30.753839,2018.1750000000002,0.0,2018.17,30.1077,2018.15,0.013,2018.14,0.0029,2018.09,0.0355,2018.03,1.4326,2018.01,0.0057,2017.99,0.1095,2017.97,2.0925,2017.96,6.75,2017.95,0.0074,2017.94,0.0038,2017.93,0.005,2017.88,0.0029,2017.84,1.0103,2017.8,4.0055,2017.79,0.0052,2017.77,0.005,2017.76,0.0025,2017.74,6.7563,2017.73,4.9493,2018.18,4.5317,2018.19,0.0051,2018.2,2.6476,2018.21,0.0026,2018.25,0.0077,2018.29,0.0026,2018.3,2.6471,2018.31,0.0026,2018.33,0.0026,2018.34,0.0276,2018.37,0.0055,2018.38,2.0285,2018.39,0.005,2018.4,0.0038,2018.43,0.005,2018.47,1.0974,2018.48,0.9905,2018.5,2.6593,2018.53,0.005,2018.56,6.4114
2025-03-09 18:16:30.854120,2018.245,0.0034684801862925147,2018.24,101.2095,2018.22,0.0106,2018.21,0.0029,2018.2,0.006,2018.19,0.0026,2018.18,16.5191,2018.17,11.2636,2018.14,0.0029,2018.09,0.03,2018.06,0.0245,2018.05,2.4052,2018.03,1.4351,2018.01,0.0057,2017.99,0.085,2017.97,2.0925,2017.96,6.7525,2017.95,0.0025,2017.94,0.0038,2017.93,0.005,2017.84,1.0103,2018.25,0.5035,2018.27,0.0026,2018.28,0.0026,2018.29,0.0026,2018.3,2.6446,2018.31,0.0026,2018.33,0.0052,2018.34,0.0026,2018.37,0.0026,2018.38,0.0026,2018.39,0.0051,2018.4,2.6445,2018.41,0.025,2018.43,0.005,2018.5,2.6618,2018.53,0.005,2018.56,6.4139,2018.57,2.8278,2018.58,0.0029,2018.6,2.6458
2025-03-09 18:16:30.953868,2018.295,0.0024773999192457753,2018.29,73.3258,2018.27,0.0115,2018.25,28.5676,2018.24,3.5055,2018.21,0.0055,2018.19,8.3373,2018.17,0.0057,2018.09,0.03,2018.06,0.7528,2018.04,0.1431,2018.01,0.0057,2017.99,0.085,2017.97,2.0951,2017.96,6.75,2017.95,0.0025,2017.94,0.0038,2017.93,0.005,2017.85,2.4773,2017.84,1.0078,2017.81,0.0246,2018.3,30.3547,2018.31,0.0026,2018.33,0.0026,2018.34,0.0026,2018.36,0.0029,2018.37,0.0026,2018.38,0.0026,2018.39,0.0051,2018.4,2.6471,2018.41,0.0026,2018.43,0.0026,2018.48,0.988,2018.5,2.6647,2018.51,6.75,2018.53,0.005,2018.55,0.0029,2018.56,1.643,2018.57,0.0025,2018.6,2.6458,2018.61,0.0025
2025-03-09 18:16:31.053814,2018.295,0.0,2018.29,6.9863,2018.27,0.0115,2018.21,0.0026,2018.2,0.0049,2018.19,0.0029,2018.17,0.0032,2018.16,0.0029,2018.11,0.0245,2018.09,0.03,2018.06,0.0025,2018.04,0.0025,2018.01,0.0057,2017.99,0.085,2017.97,2.0951,2017.96,6.75,2017.95,0.0025,2017.94,0.0038,2017.93,0.005,2017.86,1.0529,2017.84,1.0078,2018.3,52.8434,2018.31,0.0026,2018.33,0.0026,2018.34,0.0026,2018.35,0.0029,2018.36,0.0055,2018.37,0.0026,2018.38,0.0026,2018.39,0.7985,2018.4,2.6471,2018.46,0.025,2018.47,1.0984,2018.48,0.988,2018.5,5.4841,2018.51,6.75,2018.53,0.005,2018.55,0.0029,2018.57,0.0074,2018.6,2.6458,2018.61,0.0025
2025-03-09 18:16:31.154628,2017.995,-0.014864031273930812,2017.99,6.7875,2017.97,0.0188,2017.95,0.0026,2017.94,0.0064,2017.93,0.0026,2017.88,0.0026,2017.84,1.0078,2017.8,9.7089,2017.79,0.0052,2017.77,0.005,2017.74,6.7563,2017.73,4.9518,2017.7,1.579,2017.67,4.926,2017.64,0.0297,2017.63,0.005,2017.62,0.0025,2017.6,13.4486,2017.59,37.5513,2017.58,0.005,2018.0,41.187,2018.01,17.3482,2018.06,0.7212,2018.07,2.3782,2018.08,0.0026,2018.1,2.6446,2018.13,0.0029,2018.15,6.75,2018.2,0.0038,2018.21,1.0,2018.25,0.005,2018.28,0.0051,2018.29,15.3692,2018.3,9.8171,2018.31,0.0049,2018.35,0.005,2018.39,0.005,2018.4,2.6458,2018.41,0.0102,2018.46,0.025
2025-03-09 18:16:31.253934,2017.995,0.0,2017.99,3.8193,2017.97,0.0188,2017.95,0.0026,2017.94,0.0026,2017.93,0.0026,2017.88,0.0026,2017.84,1.0078,2017.81,0.0245,2017.8,3.5155,2017.79,0.0052,2017.77,0.005,2017.74,0.0038,2017.73,0.0025,2017.7,1.5761,2017.67,4.926,2017.64,0.0297,2017.62,0.0025,2017.6,13.4486,2017.59,37.5513,2017.58,0.005,2018.0,61.6725,2018.01,17.3508,2018.03,0.0029,2018.06,1.424,2018.07,2.3782,2018.08,0.0026,2018.1,2.6446,2018.13,0.0029,2018.14,2.0261,2018.15,6.75,2018.16,0.025,2018.17,0.0025,2018.2,0.0038,2018.21,1.0,2018.22,0.0049,2018.25,0.005,2018.28,5.781,2018.3,4.447,2018.35,0.005,2018.39,0.0025
2025-03-09 18:16:31.353786,2017.995,0.0,2017.99,3.5426,2017.97,0.0137,2017.85,0.0054,2017.84,1.0078,2017.81,0.0305,2017.79,0.0052,2017.78,6.7525,2017.77,0.005,2017.74,0.0038,2017.7,1.5761,2017.68,2.5174,2017.67,4.9234,2017.64,0.0297,2017.62,0.0025,2017.6,13.4511,2017.59,37.5513,2017.58,0.005,2017.57,0.04,2017.54,0.0038,2017.53,0.005,2018.0,48.0203,2018.01,17.3533,2018.02,0.0052,2018.03,0.0055,2018.06,1.4316,2018.07,2.3807,2018.1,2.6471,2018.13,0.0104,2018.14,2.0287,2018.15,0.0051,2018.16,0.025,2018.17,0.0025,2018.2,0.0038,2018.21,7.7525,2018.25,0.005,2018.27,1.7368,2018.28,0.0025,2018.3,4.447,2018.35,0.005,2018.39,0.0025
2025-03-09 18:16:31.453831,2017.995,0.0,2017.99,3.5431,2017.97,0.0137,2017.95,0.0049,2017.85,0.0054,2017.84,0.0173,2017.82,0.0026,2017.81,0.0245,2017.79,0.0052,2017.78,0.0025,2017.77,0.005,2017.74,0.0038,2017.7,1.5736,2017.69,0.49,2017.67,0.0081,2017.64,0.0297,2017.62,0.0025,2017.6,13.4511,2017.59,37.5513,2017.58,0.005,2017.57,0.04,2018.0,48.0203,2018.01,17.3533,2018.02,0.0052,2018.03,0.0055,2018.06,1.4316,2018.07,2.3807,2018.1,2.6446,2018.13,0.6299,2018.14,0.0026,2018.15,0.0051,2018.16,0.025,2018.17,0.0025,2018.2,2.8528,2018.21,7.75,2018.25,0.005,2018.27,0.0025,2018.28,0.0025,2018.3,4.447,2018.35,0.005,2018.39,0.0025
2025-03-09 18:16:31.554035,2017.8249999999998,-0.008424203231428857,2017.82,0.0108,2017.81,0.0026,2017.79,0.0052,2017.77,0.005,2017.74,0.0038,2017.7,0.005,2017.66,0.0245,2017.64,0.005,2017.62,0.0025,2017.6,13.4511,2017.59,7.8243,2017.58,0.005,2017.57,0.04,2017.54,0.0038,2017.53,0.005,2017.52,0.0026,2017.51,0.0025,2017.5,5.0035,2017.49,0.08,2017.48,0.0052,2017.83,0.312,2017.85,62.2419,2017.86,1.0026,2017.9,2.642,2017.91,0.0029,2017.96,28.3519,2017.98,0.0051,2018.0,8.9269,2018.01,0.0026,2018.02,0.0026,2018.03,0.0026,2018.06,0.008,2018.07,0.0051,2018.1,2.6523,2018.12,0.025,2018.13,0.6295,2018.17,0.0025,2018.2,2.8553,2018.21,7.75,2018.25,0.005
2025-03-09 18:16:31.653784,2017.8249999999998,0.0,2017.82,3.716,2017.8,0.0116,2017.67,0.0026,2017.61,6.7555,2017.6,2.3774,2017.58,0.005,2017.57,0.04,2017.54,0.0038,2017.53,2.8709,2017.51,0.0025,2017.5,0.955,2017.49,0.08,2017.48,0.0052,2017.47,0.005,2017.44,3.0349,2017.4,9.1026,2017.39,6.7557,2017.38,0.037,2017.37,0.1955,2017.36,9.8974,2017.83,73.0732,2017.84,17.4673,2017.85,1.0019,2017.86,1.0051,2017.88,0.0055,2017.9,2.6471,2017.91,0.0055,2017.95,6.8535,2017.96,9.1426,2018.0,5.5919,2018.02,0.0049,2018.06,0.0054,2018.08,0.005,2018.09,0.7982,2018.1,2.6497,2018.12,0.025,2018.13,0.622,2018.17,0.0025,2018.18,0.005,2018.2,2.8528
2025-03-09 18:16:31.753951,2017.8249999999998,0.0,2017.82,30.8848,2017.8,0.0116,2017.79,0.0026,2017.64,0.0245,2017.62,2.0344,2017.61,6.7525,2017.6,0.8891,2017.58,0.005,2017.57,0.04,2017.54,0.0038,2017.53,2.8734,2017.5,0.9525,2017.49,0.08,2017.48,0.0052,2017.47,0.005,2017.44,0.0053,2017.4,6.542,2017.39,6.7557,2017.38,0.037,2017.37,0.1955,2017.83,26.9451,2017.84,0.0051,2017.85,0.9994,2017.86,0.0077,2017.88,0.0055,2017.9,2.6471,2017.91,0.0055,2017.92,0.0075,2017.94,3.1401,2017.95,0.0051,2017.96,2.3897,2017.99,0.025,2018.0,3.1892,2018.06,0.0054,2018.08,0.005,2018.09,0.7982,2018.1,7.1964,2018.13,0.6195,2018.17,0.0025,2018.18,0.005
2025-03-09 18:16:31.853815,2017.8449999999998,0.0009911662309656096,2017.84,88.5201,2017.83,17.5747,2017.82,10.7666,2017.79,0.0026,2017.64,0.0245,2017.62,2.0344,2017.61,6.7525,2017.6,0.8891,2017.58,0.005,2017.57,0.04,2017.54,0.4938,2017.53,5.2761,2017.51,0.0025,2017.49,0.08,2017.48,0.0052,2017.47,0.005,2017.44,0.0028,2017.4,4.4828,2017.39,6.7557,2017.38,0.037,2017.85,0.8655,2017.86,0.0052,2017.88,0.0026,2017.89,0.0026,2017.9,2.6497,2017.91,0.0026,2017.94,0.0026,2017.95,0.0051,2017.99,0.0026,2018.0,3.1918,2018.06,0.0051,2018.08,0.005,2018.09,2.062,2018.1,7.1964,2018.13,1.6868,2018.14,0.08,2018.17,0.0025,2018.18,0.005,2018.19,2.8278,2018.2,8.7139
2025-03-09 18:16:31.954477,2017.625,-0.010902720476538084,2017.62,3.2196,2017.61,0.9967,2017.6,0.0154,2017.57,0.04,2017.55,0.9912,2017.54,0.0038,2017.53,0.9937,2017.51,2.4805,2017.49,0.08,2017.48,0.0052,2017.46,0.0245,2017.44,0.0028,2017.4,4.4828,2017.39,0.0052,2017.38,0.037,2017.37,1.1867,2017.36,0.0284,2017.34,0.0038,2017.32,0.005,2017.29,0.0051,2017.63,36.6254,2017.65,28.3664,2017.7,2.642,2017.81,0.025,2017.83,1.0081,2017.84,0.988,2017.85,0.0025,2017.89,6.796,2017.9,15.5927,2017.91,0.0026,2017.94,0.0026,2017.95,0.0051,2017.99,0.0051,2018.0,3.1778,2018.06,0.0051,2018.08,0.0076,2018.09,37.9035,2018.1,11.0349,2018.11,6.75,2018.14,0.08
2025-03-09 18:16:32.053997,2017.625,0.0,2017.62,4.2632,2017.6,0.0829,2017.59,0.0026,2017.57,0.0426,2017.53,0.0026,2017.49,0.08,2017.48,0.0052,2017.44,0.0028,2017.4,0.05,2017.39,0.0027,2017.38,0.0123,2017.37,0.198,2017.36,0.0038,2017.34,0.0038,2017.32,0.005,2017.29,0.0026,2017.28,12.9926,2017.25,0.1198,2017.22,8.4527,2017.2,7.7999,2017.63,41.6878,2017.64,9.3106,2017.65,17.3568,2017.68,0.0029,2017.7,2.6471,2017.71,0.0055,2017.78,0.0055,2017.81,0.0276,2017.83,1.0051,2017.84,0.9956,2017.85,0.0075,2017.88,0.005,2017.89,4.6829,2017.9,11.3622,2017.95,0.0025,2017.98,0.005,2017.99,0.9912,2018.0,3.1479,2018.06,0.0025,2018.07,14.8834
2025-03-09 18:16:32.154348,2017.605,-0.0009912644817536365,2017.6,0.0829,2017.59,0.0026,2017.57,0.0426,2017.49,0.08,2017.48,0.0052,2017.44,0.0273,2017.41,0.0025,2017.4,0.0525,2017.39,0.0027,2017.38,0.0123,2017.37,0.1904,2017.29,0.0026,2017.28,0.0025,2017.25,0.1148,2017.22,0.0051,2017.2,3.4037,2017.19,5.0001,2017.18,0.0025,2017.17,0.0052,2017.16,0.003,2017.61,6.5418,2017.63,32.5222,2017.64,6.0126,2017.65,17.3563,2017.66,0.0026,2017.68,0.0055,2017.69,0.0026,2017.7,2.6471,2017.71,0.0055,2017.75,0.0049,2017.78,0.0055,2017.81,0.0026,2017.83,0.0051,2017.84,0.993,2017.88,0.005,2017.89,3.4112,2017.9,11.3573,2017.95,0.0025,2017.98,0.005,2017.99,0.9912
2025-03-09 18:16:32.253827,2017.4250000000002,-0.008921468771133909,2017.42,13.9552,2017.4,0.1641,2017.39,0.0027,2017.37,0.1879,2017.29,0.0026,2017.25,0.1123,2017.22,0.0026,2017.2,2.4973,2017.19,0.08,2017.17,0.0052,2017.16,0.003,2017.14,0.0088,2017.1,3.7337,2017.08,0.49,2017.07,0.0026,2017.04,6.7575,2016.98,0.0123,2016.96,0.0025,2016.95,0.01,2016.94,11.7998,2017.43,46.7486,2017.46,0.008,2017.47,0.732,2017.48,0.0026,2017.49,4.6479,2017.5,3.8666,2017.51,0.0055,2017.56,0.0029,2017.57,8.906,2017.58,0.2684,2017.6,39.0842,2017.61,7.3032,2017.63,7.7829,2017.65,0.0049,2017.68,0.005,2017.7,2.642,2017.73,0.0025,2017.78,0.005,2017.79,0.0302,2017.8,0.0038
2025-03-09 18:16:32.353913,2017.4250000000002,0.0,2017.42,20.6437,2017.41,0.0026,2017.4,0.0682,2017.39,0.0027,2017.37,0.1879,2017.29,0.0026,2017.25,0.1123,2017.24,0.0245,2017.22,0.0026,2017.2,0.9905,2017.19,0.08,2017.17,0.0052,2017.16,0.003,2017.15,3.1266,2017.14,0.0088,2017.1,2.1775,2017.07,0.0026,2017.04,6.755,2017.03,17.3535,2016.98,0.0123,2017.43,47.2729,2017.45,3.6539,2017.46,0.0055,2017.47,0.732,2017.48,2.5595,2017.49,0.729,2017.5,3.8666,2017.51,0.0055,2017.56,0.0029,2017.57,8.906,2017.58,0.0026,2017.6,5.6568,2017.61,0.0535,2017.63,1.028,2017.65,0.0049,2017.68,0.005,2017.7,2.642,2017.73,0.0025,2017.78,0.005,2017.79,0.0052
2025-03-09 18:16:32.453765,2017.4250000000002,0.0,2017.42,24.5885,2017.41,0.0026,2017.4,0.0682,2017.39,0.0027,2017.37,0.1879,2017.29,0.0026,2017.25,1.6895,2017.24,0.0245,2017.2,0.9905,2017.19,0.08,2017.17,0.0052,2017.16,0.9436,2017.14,0.0088,2017.13,17.3527,2017.1,6.964,2017.07,0.0026,2017.04,6.755,2016.98,0.0123,2016.96,0.0025,2016.95,0.01,2017.43,26.3645,2017.44,3.4696,2017.45,0.0026,2017.46,0.0055,2017.47,0.7265,2017.48,0.0051,2017.49,0.729,2017.5,21.2137,2017.51,0.0055,2017.56,4.3751,2017.57,0.0051,2017.59,0.025,2017.6,3.4672,2017.61,0.0658,2017.63,0.028,2017.64,6.75,2017.65,0.0049,2017.68,0.005,2017.7,2.642,2017.73,0.0025
2025-03-09 18:16:32.553784,2017.4250000000002,0.0,2017.42,27.4129,2017.41,0.0026,2017.4,0.0682,2017.39,0.0027,2017.37,0.1879,2017.29,0.0026,2017.26,0.5142,2017.25,1.6895,2017.24,0.0245,2017.2,9.3005,2017.19,0.08,2017.17,0.0052,2017.16,5.0939,2017.14,0.0088,2017.1,2.1775,2017.07,0.0026,2017.04,6.755,2016.98,0.0123,2016.96,0.0272,2016.95,0.01,2017.43,20.2652,2017.44,0.0026,2017.45,0.0026,2017.46,0.0055,2017.47,0.7265,2017.48,0.0051,2017.49,0.729,2017.5,3.8641,2017.51,0.0055,2017.55,1.32,2017.56,0.0026,2017.57,0.0051,2017.59,0.025,2017.6,5.4209,2017.61,0.0356,2017.63,0.028,2017.65,0.0049,2017.68,0.005,2017.7,2.642,2017.73,0.0025
2025-03-09 18:16:32.653852,2017.5549999999998,0.006443857888132366,2017.55,48.3698,2017.53,0.0114,2017.52,14.5877,2017.51,1.0085,2017.46,0.7239,2017.45,0.0026,2017.43,15.06,2017.42,8.4764,2017.4,0.05,2017.39,0.0027,2017.37,0.2124,2017.34,0.0038,2017.29,0.0076,2017.26,2.788,2017.25,0.1148,2017.22,0.0026,2017.2,9.303,2017.19,0.08,2017.17,0.0052,2017.16,0.003,2017.56,0.0081,2017.57,0.0026,2017.59,0.0026,2017.6,2.6446,2017.61,0.0174,2017.62,0.0051,2017.63,0.0281,2017.64,0.0052,2017.66,0.0051,2017.68,0.005,2017.69,0.7926,2017.7,2.6471,2017.73,0.0025,2017.76,0.0049,2017.78,0.005,2017.79,0.0052,2017.8,0.0038,2017.84,0.993,2017.87,4.8325,2017.88,3.5918
2025-03-09 18:16:32.753755,2017.5549999999998,0.0,2017.55,48.3728,2017.53,11.2913,2017.52,0.003,2017.51,0.0085,2017.46,0.7264,2017.45,0.0026,2017.43,6.7525,2017.42,8.4764,2017.4,0.05,2017.39,0.0027,2017.37,0.2124,2017.34,0.0038,2017.29,0.0076,2017.27,0.49,2017.26,2.7905,2017.25,0.1123,2017.22,0.0026,2017.21,0.1406,2017.2,9.303,2017.19,0.08,2017.56,12.293,2017.57,0.0026,2017.59,0.0026,2017.6,2.6446,2017.61,0.0174,2017.62,0.5189,2017.63,0.0281,2017.64,0.0026,2017.66,0.0026,2017.68,0.005,2017.69,0.7966,2017.7,19.995,2017.73,0.0025,2017.78,0.005,2017.79,0.0052,2017.8,0.0038,2017.84,0.993,2017.86,3.3199,2017.87,4.7344,2017.88,3.5918
2025-03-09 18:16:32.853896,2017.5549999999998,0.0,2017.55,49.0967,2017.54,7.4943,2017.53,0.3259,2017.52,0.003,2017.51,0.006,2017.46,3.7141,2017.45,0.0026,2017.43,6.7525,2017.42,7.7525,2017.4,0.05,2017.39,0.0027,2017.37,0.2124,2017.34,0.0038,2017.29,0.0076,2017.27,0.49,2017.26,2.7905,2017.25,0.1123,2017.22,0.0026,2017.21,0.1406,2017.2,9.303,2017.56,12.293,2017.57,0.0026,2017.59,0.0026,2017.6,2.6446,2017.61,0.0174,2017.62,0.5189,2017.63,0.0281,2017.64,0.0026,2017.66,0.0026,2017.68,0.0076,2017.69,5.9017,2017.7,2.6445,2017.72,0.025,2017.73,0.0025,2017.76,1.4387,2017.78,0.005,2017.79,0.0052,2017.8,0.0038,2017.84,0.9905,2017.86,3.3199
2025-03-09 18:16:32.953826,2017.5549999999998,0.0,2017.55,56.6965,2017.54,4.8856,2017.53,0.3285,2017.52,0.003,2017.51,0.006,2017.46,3.7141,2017.43,6.7525,2017.42,7.7525,2017.4,0.05,2017.39,0.0027,2017.37,0.2124,2017.34,0.0038,2017.29,0.0076,2017.27,0.49,2017.26,2.7905,2017.25,0.1123,2017.22,0.0026,2017.21,0.1406,2017.2,9.303,2017.19,0.08,2017.56,0.0671,2017.57,0.0026,2017.58,0.0052,2017.59,0.0026,2017.6,0.0077,2017.61,0.0174,2017.62,0.5189,2017.63,0.0281,2017.66,0.0026,2017.68,0.0076,2017.69,0.0025,2017.7,2.6449,2017.72,0.025,2017.73,0.0025,2017.77,0.0029,2017.78,0.005,2017.79,0.0052,2017.84,0.9905,2017.86,2.2377,2017.87,4.8119
2025-03-09 18:16:33.053795,2017.6950000000002,0.006939092118942355,2017.69,88.2598,2017.68,0.003,2017.65,6.7555,2017.62,0.7264,2017.56,15.8919,2017.55,7.7575,2017.51,0.0245,2017.48,0.0052,2017.47,5.4807,2017.46,3.7141,2017.44,0.005,2017.42,10.7821,2017.4,0.05,2017.39,0.0027,2017.37,0.1879,2017.34,0.0038,2017.29,0.0076,2017.27,0.49,2017.26,2.788,2017.25,0.1123,2017.7,0.0081,2017.72,0.0026,2017.73,0.0051,2017.77,0.0026,2017.78,0.0029,2017.79,0.0078,2017.8,2.6471,2017.84,0.9931,2017.86,0.0301,2017.87,0.0826,2017.88,0.0076,2017.9,2.642,2017.94,0.0025,2017.95,0.0025,2017.96,0.0029,2017.98,0.005,2018.0,2.6483,2018.01,0.0049,2018.02,0.0247,2018.06,21.8604
2025-03-09 18:16:33.154065,2017.795,0.0049561504588111205,2017.79,89.6617,2017.77,0.0111,2017.71,6.7555,2017.7,25.8536,2017.69,1.0025,2017.65,6.7525,2017.57,5.2586,2017.55,1.0193,2017.54,0.0088,2017.51,0.0245,2017.48,0.0052,2017.47,5.4832,2017.44,0.005,2017.42,10.7796,2017.4,0.05,2017.39,0.0027,2017.37,10.0815,2017.34,0.0038,2017.31,0.0246,2017.29,0.0101,2017.8,0.0131,2017.82,0.0052,2017.84,0.0077,2017.86,0.0052,2017.87,0.0826,2017.9,2.6446,2017.94,0.0026,2017.95,0.0051,2017.96,0.0055,2017.98,0.0076,2017.99,0.0025,2018.0,2.6445,2018.06,13.5431,2018.08,0.005,2018.09,0.0025,2018.1,9.31,2018.11,0.0077,2018.14,0.085,2018.15,2.8253,2018.17,0.0025
2025-03-09 18:16:33.255066,2017.895,0.004955904836710818,2017.89,18.6647,2017.87,0.0112,2017.86,0.7359,2017.84,0.003,2017.81,0.0025,2017.8,32.6065,2017.79,7.6162,2017.71,0.0245,2017.7,2.0258,2017.69,0.0025,2017.67,0.0026,2017.65,6.7525,2017.64,0.005,2017.61,17.3485,2017.58,1.5901,2017.55,1.0193,2017.54,0.0088,2017.48,0.0052,2017.47,3.2529,2017.44,0.005,2017.9,23.6128,2017.93,17.3459,2017.94,0.0026,2017.95,0.0051,2017.96,0.0026,2017.98,0.0026,2017.99,0.7989,2018.0,2.6471,2018.06,2.2037,2018.08,0.0076,2018.09,0.0026,2018.1,8.0752,2018.11,6.7528,2018.14,0.085,2018.15,2.8278,2018.17,0.0025,2018.18,0.005,2018.2,2.9996,2018.21,0.0049,2018.22,0.0301
2025-03-09 18:16:33.355275,2017.875,-0.0009911318477909808,2017.87,3.2902,2017.85,0.0026,2017.77,0.0026,2017.68,0.005,2017.64,0.005,2017.59,0.788,2017.54,0.0088,2017.52,0.0026,2017.48,0.0052,2017.47,3.2529,2017.44,0.005,2017.42,9.7821,2017.4,0.0648,2017.39,0.0027,2017.38,6.5977,2017.37,0.1905,2017.36,18.3058,2017.34,0.0038,2017.32,4.728,2017.29,0.0101,2017.88,75.6549,2017.89,18.9927,2017.9,20.8126,2017.91,0.0055,2017.92,0.0051,2017.93,0.032,2017.94,0.0026,2017.95,0.0051,2017.96,0.0081,2017.98,0.0026,2017.99,0.0055,2018.0,2.6471,2018.01,0.0049,2018.06,1.7267,2018.07,0.0029,2018.08,0.005,2018.1,9.9885,2018.11,6.7553,2018.14,0.085,2018.17,0.0025
2025-03-09 18:16:33.456023,2017.475,-0.019822833426257375,2017.47,7.8526,2017.45,0.011,2017.43,2.9566,2017.42,0.0025,2017.4,0.0648,2017.39,0.0027,2017.38,6.5977,2017.37,0.1879,2017.34,0.0038,2017.32,4.7305,2017.3,0.0028,2017.29,0.0101,2017.27,5.4301,2017.26,6.7525,2017.25,0.1123,2017.22,0.0026,2017.2,0.993,2017.19,0.08,2017.18,0.0025,2017.17,0.0052,2017.48,41.7194,2017.5,2.6471,2017.57,6.7551,2017.6,2.6471,2017.66,17.261,2017.67,13.5051,2017.69,0.0026,2017.7,3.6471,2017.73,0.0076,2017.75,0.0051,2017.76,0.0026,2017.78,0.2583,2017.79,0.0052,2017.8,2.6483,2017.83,0.005,2017.84,0.9905,2017.86,40.5742,2017.88,15.8934,2017.9,1.6494,2017.91,0.0049
2025-03-09 18:16:33.555513,2017.475,0.0,2017.47,6.3761,2017.45,0.011,2017.4,0.0623,2017.39,0.0027,2017.37,0.1879,2017.32,0.0246,2017.3,0.0028,2017.29,0.0076,2017.28,0.5786,2017.27,0.0025,2017.26,6.7525,2017.25,0.1123,2017.22,0.0026,2017.2,0.993,2017.19,0.08,2017.18,0.0025,2017.17,0.0052,2017.16,0.003,2017.14,4.9563,2017.13,9.8669,2017.48,62.913,2017.49,20.9726,2017.5,2.6501,2017.51,0.0029,2017.54,0.0029,2017.57,6.7551,2017.6,2.6471,2017.66,1.6745,2017.67,6.7551,2017.69,0.0026,2017.7,3.652,2017.71,0.0055,2017.73,0.0075,2017.79,0.8022,2017.8,2.6483,2017.83,0.005,2017.84,0.993,2017.85,14.6024,2017.88,12.0096,2017.9,1.6445
2025-03-09 18:16:33.655370,2017.475,0.0,2017.47,6.3791,2017.45,0.0136,2017.4,0.0623,2017.39,0.0027,2017.37,0.1905,2017.32,0.0246,2017.3,0.0028,2017.29,0.0321,2017.27,0.0025,2017.26,6.7525,2017.25,0.1123,2017.22,0.0026,2017.2,0.993,2017.19,0.08,2017.18,0.0025,2017.17,0.0052,2017.16,2.8745,2017.14,2.9689,2017.13,9.8669,2017.1,6.9768,2017.48,58.1845,2017.49,20.9726,2017.5,2.6501,2017.51,0.0055,2017.54,0.0055,2017.57,6.7551,2017.6,2.6445,2017.64,0.025,2017.66,1.1015,2017.67,6.758,2017.69,0.0026,2017.7,3.652,2017.71,0.0029,2017.73,0.0075,2017.79,0.8022,2017.8,2.6483,2017.83,0.005,2017.84,0.993,2017.85,1.2635,2017.88,9.2691
2025-03-09 18:16:33.754742,2017.475,0.0,2017.47,6.3781,2017.45,0.0136,2017.4,0.0623,2017.39,0.0027,2017.37,0.1905,2017.32,0.0246,2017.3,0.0028,2017.29,0.0321,2017.27,2.3606,2017.26,6.7525,2017.25,0.1123,2017.22,0.0026,2017.2,0.993,2017.19,0.08,2017.18,0.0025,2017.17,0.0052,2017.16,2.8745,2017.14,2.9689,2017.13,9.8669,2017.1,6.9768,2017.48,58.1732,2017.49,20.9726,2017.5,2.6501,2017.51,0.0055,2017.54,0.0055,2017.57,6.7551,2017.6,2.6471,2017.64,0.025,2017.66,1.1015,2017.67,6.758,2017.69,0.0026,2017.7,3.652,2017.71,0.0029,2017.73,0.0075,2017.79,0.8022,2017.8,2.6483,2017.83,0.7963,2017.84,0.9905,2017.88,9.2691,2017.9,1.6445
2025-03-09 18:16:33.855076,2017.475,0.0,2017.47,6.3781,2017.45,0.0136,2017.4,0.0623,2017.39,0.0027,2017.37,0.1905,2017.32,0.0246,2017.3,0.0028,2017.29,0.0321,2017.27,2.3606,2017.26,6.7525,2017.25,0.1123,2017.22,0.0026,2017.2,0.993,2017.19,0.08,2017.18,0.0025,2017.17,0.0052,2017.16,2.8745,2017.14,2.9689,2017.13,9.8669,2017.1,6.9768,2017.48,58.1732,2017.49,20.9726,2017.5,2.6501,2017.51,0.0055,2017.54,0.0055,2017.57,6.7551,2017.6,2.6471,2017.64,0.025,2017.66,2.9918,2017.67,6.758,2017.69,0.0026,2017.7,3.652,2017.71,0.0029,2017.73,0.0075,2017.79,0.8022,2017.8,2.6483,2017.83,3.4773,2017.84,0.9905,2017.88,9.2691,2017.9,1.6445
2025-03-09 18:16:33.954971,2017.475,0.0,2017.47,8.6544,2017.45,0.0136,2017.4,0.0623,2017.39,0.0027,2017.37,0.1905,2017.32,0.0246,2017.3,0.0028,2017.29,0.0321,2017.27,2.3606,2017.26,8.6133,2017.25,0.1123,2017.2,0.993,2017.19,0.08,2017.18,0.0025,2017.17,0.0052,2017.16,0.003,2017.14,2.9689,2017.13,9.8669,2017.1,6.9768,2017.07,0.0051,2017.48,58.1764,2017.49,20.9726,2017.5,2.6446,2017.51,0.0055,2017.54,0.0055,2017.57,0.0051,2017.6,2.6471,2017.64,0.025,2017.66,2.9918,2017.67,6.758,2017.69,0.0026,2017.7,3.652,2017.71,0.0029,2017.73,0.0075,2017.79,0.8022,2017.8,2.6483,2017.83,3.4773,2017.84,0.9905,2017.88,9.2691,2017.9,1.6445
2025-03-09 18:16:34.055334,2017.3049999999998,-0.00842637455235246,2017.3,4.1247,2017.29,0.0164,2017.27,2.3713,2017.25,0.1123,2017.2,0.0075,2017.19,0.08,2017.18,0.0025,2017.17,0.0052,2017.16,0.003,2017.14,2.9714,2017.13,4.9226,2017.12,0.0245,2017.1,6.9793,2017.07,0.0025,2017.04,6.7575,2016.96,0.0272,2016.95,0.01,2016.94,11.8023,2016.93,0.1456,2016.91,29.8121,2017.31,42.9402,2017.33,0.0029,2017.36,0.0029,2017.38,6.75,2017.4,2.642,2017.46,6.7551,2017.47,22.5642,2017.48,6.4508,2017.49,0.0026,2017.5,2.6471,2017.51,0.0026,2017.54,0.0055,2017.57,0.0026,2017.6,2.6445,2017.62,0.025,2017.66,2.9918,2017.67,6.7526,2017.7,6.4747,2017.73,0.0075,2017.75,0.0123
2025-03-09 18:16:34.155655,2017.3049999999998,0.0,2017.3,6.1623,2017.29,0.0026,2017.28,0.0179,2017.27,0.0026,2017.25,0.1123,2017.19,0.08,2017.17,0.0052,2017.16,0.003,2017.14,0.0088,2017.13,0.0025,2017.12,0.0245,2017.1,2.0609,2017.07,0.0025,2017.04,6.7575,2016.96,0.0272,2016.95,0.01,2016.94,11.8023,2016.93,0.005,2016.91,29.8121,2016.88,6.7293,2017.31,64.0156,2017.33,0.0055,2017.36,0.0055,2017.37,2.8202,2017.38,6.7551,2017.4,2.6471,2017.45,0.0026,2017.46,16.2512,2017.47,0.0348,2017.48,2.4557,2017.49,0.0026,2017.5,2.6445,2017.51,0.0025,2017.54,0.0029,2017.56,0.005,2017.59,0.7934,2017.6,2.6483,2017.62,0.0275,2017.65,0.56,2017.66,2.9917
2025-03-09 18:16:34.253874,2017.3049999999998,0.0,2017.3,38.9465,2017.29,0.0026,2017.28,0.0127,2017.27,0.0026,2017.25,0.1123,2017.2,4.7107,2017.19,0.08,2017.17,0.0052,2017.16,0.003,2017.14,0.0088,2017.13,0.0025,2017.12,0.0245,2017.1,2.0609,2017.04,6.7575,2016.96,0.0272,2016.95,0.01,2016.94,11.8023,2016.91,47.1667,2016.88,11.7391,2016.87,4.728,2017.31,44.7182,2017.33,0.0055,2017.36,0.0055,2017.37,2.8202,2017.38,0.0051,2017.4,2.6446,2017.45,6.4185,2017.46,0.0026,2017.47,0.0573,2017.48,0.0381,2017.49,0.0026,2017.5,5.848,2017.51,0.0025,2017.54,0.0029,2017.56,0.005,2017.59,0.7934,2017.6,2.6483,2017.62,0.0025,2017.65,0.56,2017.66,2.9917
2025-03-09 18:16:34.353935,2017.3049999999998,0.0,2017.3,36.4341,2017.29,0.0026,2017.28,0.0127,2017.27,0.0026,2017.25,0.1123,2017.21,1.4132,2017.2,4.7107,2017.19,0.08,2017.17,0.0052,2017.16,0.003,2017.14,0.0088,2017.13,0.0025,2017.12,0.0245,2017.1,2.0609,2017.04,6.7575,2016.96,0.0272,2016.95,0.01,2016.94,11.8023,2016.91,29.8121,2016.89,3.8459,2017.31,0.0128,2017.32,0.0026,2017.33,0.0026,2017.36,0.0026,2017.37,0.0026,2017.38,0.0051,2017.4,2.642,2017.45,0.0026,2017.46,0.0026,2017.47,0.0276,2017.48,0.0303,2017.49,0.0026,2017.5,2.6445,2017.51,0.0025,2017.56,0.005,2017.59,0.7934,2017.6,2.6458,2017.62,0.0025,2017.66,2.9917,2017.7,5.4673
2025-03-09 18:16:34.453766,2017.395,0.0044613977559241425,2017.39,75.8617,2017.35,0.003,2017.31,10.9357,2017.3,15.8112,2017.25,0.1123,2017.21,1.4402,2017.2,4.7132,2017.19,0.08,2017.17,0.0052,2017.16,0.003,2017.14,0.0088,2017.1,2.0609,2017.07,2.4103,2017.04,6.7575,2016.96,0.0272,2016.95,0.01,2016.94,11.8023,2016.91,29.8146,2016.89,1.4341,2016.88,3.0296,2017.4,14.9291,2017.45,0.0026,2017.46,0.0026,2017.47,0.0026,2017.48,0.0304,2017.49,0.796,2017.5,2.6471,2017.51,0.0051,2017.56,0.0276,2017.59,0.7985,2017.6,2.6483,2017.62,0.0025,2017.66,1.1039,2017.7,5.4698,2017.73,0.0075,2017.75,0.0123,2017.78,0.1008,2017.79,0.8071,2017.8,2.6458,2017.83,3.4773
